"file","subject","time","condition","SMS5_1","SMS5_2","SMS5_3","SMS5_4","SMS5_5","P0_Q1","P0_Q2","P0_Q3","ITW_1","ITW_2","ITW_3","ITW_4","ITW_5","ITW_6","posimgs","age","gender","pics","SMS5_2r","SMS5_4r","ITW_3r","ITW_4r","ITW_6r","SMS5","SVS","ITW","ITW_group","stimulus","qbit","accuracy","Q0","autonomie1","autonomie2","autonomie3","BF"
2,"fkreo35o93mrx988","2023-09-07T11:53:03Z","save",3,2,2,2,2,0,0,0,3,5,1,0,4,0,10,27,"weiblich",10,4,4,4,5,5,3,0,4.333333333333333,"high",NA,NA,NA,NA,NA,NA,NA,1
4,"j03cuvs02evh42o0","2023-09-07T11:53:10Z","save",0,3,0,2,0,9,6,9,2,1,3,4,2,2,16,39,"männlich",11,3,4,2,1,3,1.4,8,1.833333333333333,"low",NA,NA,NA,NA,NA,NA,NA,1.147122520648892
7,"bd5g0qn1job8cseh","2023-09-07T11:54:52Z","save",3,3,3,3,2,7,6,6,3,3,4,2,3,3,9,46,"weiblich",9,3,3,1,3,2,2.8,6.333333333333333,2.5,"low",NA,NA,NA,NA,NA,NA,NA,0.875525104666408
8,"os580fvqn5ruspyx","2023-09-07T11:55:00Z","save",1,5,1,2,0,2,3,4,4,4,3,3,4,2,16,33,"weiblich",8,1,4,2,2,3,1.4,3,3.166666666666667,"high",NA,NA,NA,NA,NA,NA,NA,0.7235208209741996
12,"3fcvk71ztvkrx0p8","2023-09-07T12:01:02Z","save",0,5,2,5,0,5,2,5,4,5,2,1,4,2,13,25,"weiblich",13,1,1,3,4,3,0.8,4,3.833333333333333,"high",NA,NA,NA,NA,NA,NA,NA,0.905154946112716
13,"hao10syohp53raup","2023-09-07T12:01:03Z","save",3,4,1,2,0,7,6,6,3,2,2,4,3,4,6,41,"männlich",10,2,4,3,1,1,2,6.333333333333333,2.166666666666667,"low",NA,NA,NA,NA,NA,NA,NA,0.8953085558490188
14,"wxv4vdvrnvuvu7cq","2023-09-07T12:01:33Z","save",2,1,1,5,0,8,6,7,3,3,4,2,3,4,10,22,"weiblich",10,5,1,1,3,1,1.8,7,2.333333333333333,"low",NA,NA,NA,NA,NA,NA,NA,0.8862440715444614
17,"6g30rkt3tnw28xhf","2023-09-07T12:05:12Z","save",0,6,0,4,0,10,10,10,4,5,4,4,4,3,10,26,"weiblich",10,0,2,1,1,2,0.4,10,2.833333333333333,"high",NA,NA,NA,NA,NA,NA,NA,0.8778215401653959
20,"xpyjt1cu0sduwnk0","2023-09-07T12:12:20Z","save",0,1,1,2,0,5,5,6,3,3,3,2,2,3,19,33,"weiblich",13,5,4,2,3,2,2,5.333333333333333,2.5,"low",NA,NA,NA,NA,NA,NA,NA,1.0827830611581937
21,"naoudre5546f07wf","2023-09-07T12:24:44Z","save",1,4,1,5,0,7,4,5,3,3,3,3,3,2,12,30,"weiblich",9,2,1,2,2,3,1,5.333333333333333,2.666666666666667,"low",NA,NA,NA,NA,NA,NA,NA,0.9831359875266544
23,"u95jz4fd7ojygyvj","2023-09-07T12:31:22Z","save",0,3,0,6,0,2,0,7,0,3,3,4,1,3,8,44,"männlich",5,3,0,2,1,2,0.6,3,1.5,"low",NA,NA,NA,NA,NA,NA,NA,0.7151526975197916
24,"xe9apkyyzxq4dp0f","2023-09-07T12:35:28Z","save",1,4,3,4,0,5,3,6,4,5,3,2,3,1,14,23,"weiblich",14,2,2,2,3,4,1.6,4.666666666666667,3.5,"high",NA,NA,NA,NA,NA,NA,NA,0.8450206462196204
26,"sl40vmqnq7msjf1l","2023-09-07T12:42:58Z","save",0,4,0,4,0,3,3,3,4,2,1,3,5,2,10,37,"weiblich",8,2,2,4,2,3,0.8,3,3.333333333333333,"high",NA,NA,NA,NA,NA,NA,NA,0.7666812379079851
31,"5czk55mg842l2mdr","2023-09-07T12:55:39Z","save",1,5,1,5,2,9,8,8,4,4,3,3,4,3,12,25,"männlich",11,1,1,2,2,2,1.2,8.333333333333334,3,"high",NA,NA,NA,NA,NA,NA,NA,0.7930809877985759
32,"2rrf3xhafmfypdy7","2023-09-07T13:05:51Z","save",1,3,0,4,0,7,7,7,1,3,4,1,2,2,12,27,"männlich",10,3,2,1,4,3,1.2,7,2.333333333333333,"low",NA,NA,NA,NA,NA,NA,NA,0.7867474467574709
33,"5ol3ekz6vclhu000","2023-09-07T13:10:30Z","save",4,3,1,4,3,8,8,7,5,2,4,2,1,3,7,35,"weiblich",9,3,2,1,3,2,2.6,7.666666666666667,2.333333333333333,"low",NA,NA,NA,NA,NA,NA,NA,0.7465543464067875
34,"pzwd6scouv0oy8gd","2023-09-07T13:15:13Z","save",1,4,1,3,0,8,7,8,1,1,4,4,2,4,16,42,"weiblich",12,2,3,1,1,1,1.4,7.666666666666667,1.166666666666667,"low",NA,NA,NA,NA,NA,NA,NA,0.8099571583630772
35,"uafzr75s5m2v1mj2","2023-09-07T13:18:55Z","save",0,0,0,3,2,7,6,7,5,4,4,2,3,4,9,45,"weiblich",9,6,3,1,3,1,2.2,6.666666666666667,2.833333333333333,"high",NA,NA,NA,NA,NA,NA,NA,0.7678627120957013
36,"3qqw777jbvjbfjfn","2023-09-07T13:20:27Z","save",2,3,2,2,3,4,3,5,3,3,3,1,4,1,8,24,"männlich",9,3,4,2,4,4,2.8,4,3.333333333333333,"high",NA,NA,NA,NA,NA,NA,NA,0.7289821328355411
37,"z16fo3f3c1349t3j","2023-09-07T13:25:19Z","save",0,2,0,3,0,3,3,3,4,4,4,2,1,4,16,52,"männlich",14,4,3,1,3,1,1.4,3,2.333333333333333,"low",NA,NA,NA,NA,NA,NA,NA,0.8617310284297021
39,"uw2u9aepbhg8ylqy","2023-09-07T13:49:41Z","save",0,2,0,2,0,5,5,6,4,5,4,0,2,0,13,55,"weiblich",11,4,4,1,5,5,1.6,5.333333333333333,3.666666666666667,"high",NA,NA,NA,NA,NA,NA,NA,0.8993583274143206
41,"kv2b1yanh9494fhg","2023-09-07T14:16:59Z","save",0,0,2,2,0,10,0,10,2,2,5,4,3,4,12,39,"weiblich",13,6,4,0,1,1,2.4,6.666666666666667,1.5,"low",NA,NA,NA,NA,NA,NA,NA,1.0320937626217086
43,"594uxm7au4tpva06","2023-09-07T14:18:40Z","save",4,0,0,6,0,10,10,10,4,5,5,5,5,5,2,222,"männlich",7,6,0,0,0,0,2,10,2.333333333333333,"low",NA,NA,NA,NA,NA,NA,NA,0.8732006763175374
44,"dfkngo8etgo0422y","2023-09-07T14:20:10Z","save",1,3,1,3,0,7,6,7,2,2,5,4,2,5,14,32,"weiblich",12,3,3,0,1,0,1.6,6.666666666666667,1.166666666666667,"low",NA,NA,NA,NA,NA,NA,NA,0.9518788170218637
45,"mwrw6c85qcwuroya","2023-09-07T14:25:08Z","save",2,2,4,5,0,6,3,5,2,5,4,0,1,3,11,33,"weiblich",12,4,1,1,5,2,2.2,4.666666666666667,2.666666666666667,"low",NA,NA,NA,NA,NA,NA,NA,1.0442035406601011
47,"bs1g3qtmxlsjtmef","2023-09-07T14:31:28Z","save",1,4,1,3,0,9,8,8,3,3,4,2,3,3,12,47,"weiblich",11,2,3,1,3,2,1.4,8.333333333333334,2.5,"low",NA,NA,NA,NA,NA,NA,NA,1.0978928598664643
49,"fc3sxq03o4g3ungs","2023-09-07T14:33:47Z","save",4,2,2,1,0,5,2,2,3,3,5,3,2,3,12,33,"weiblich",7,4,5,0,2,2,3,3,2,"low",NA,NA,NA,NA,NA,NA,NA,0.9243430416122808
50,"4ygyq5r0gv91rc3p","2023-09-07T14:34:51Z","save",2,5,0,5,1,8,7,9,5,5,2,3,4,2,14,24,"weiblich",13,1,1,3,2,3,1,8,3.666666666666667,"high",NA,NA,NA,NA,NA,NA,NA,1.053742542624851
51,"m91boddsmq8o8q9q","2023-09-07T14:36:01Z","save",2,5,2,3,1,8,5,7,3,3,4,3,2,3,14,22,"weiblich",14,1,3,1,2,2,1.8,6.666666666666667,2.166666666666667,"low",NA,NA,NA,NA,NA,NA,NA,1.2607478787752986
52,"8lmjw35swq8yzg0m","2023-09-07T14:36:17Z","save",4,2,1,1,0,3,3,8,3,3,1,1,0,3,12,22,"weiblich",13,4,5,4,4,2,2.8,4.666666666666667,2.666666666666667,"low",NA,NA,NA,NA,NA,NA,NA,1.4679448707128075
54,"qn30bun2xcwz1xdo","2023-09-07T14:46:48Z","save",3,3,1,2,1,4,4,4,5,5,2,2,5,2,9,38,"weiblich",9,3,4,3,3,3,2.4,4,4,"high",NA,NA,NA,NA,NA,NA,NA,1.3768919389182068
55,"3l0hez0velmg4rb1","2023-09-07T14:51:20Z","save",4,1,4,3,4,4,6,6,5,4,3,3,4,3,6,25,"weiblich",6,5,3,2,2,2,4,5.333333333333333,3.166666666666667,"high",NA,NA,NA,NA,NA,NA,NA,1.0741683764997563
57,"3huwpl796ulucawe","2023-09-07T14:53:09Z","save",1,4,1,4,1,5,6,6,2,3,3,4,2,3,15,32,"weiblich",11,2,2,2,1,2,1.4,5.666666666666667,2,"low",NA,NA,NA,NA,NA,NA,NA,1.123605034169427
59,"4gcxsrjf44gp5ue7","2023-09-07T15:01:39Z","save",2,1,3,2,0,4,3,6,1,1,3,3,2,3,8,24,"weiblich",15,5,4,2,2,2,2.8,4.333333333333333,1.666666666666667,"low",NA,NA,NA,NA,NA,NA,NA,1.3822309656714191
60,"cajzbbnshmgxflcj","2023-09-07T15:07:59Z","save",0,3,2,3,0,5,5,5,4,4,4,2,2,2,9,31,"männlich",9,3,3,1,3,3,1.6,5,2.833333333333333,"high",NA,NA,NA,NA,NA,NA,NA,1.3065556284803888
61,"zv2eco7xma81p6n2","2023-09-07T15:14:57Z","save",6,0,6,0,6,1,1,1,5,4,0,0,5,0,5,33,"weiblich",7,6,6,5,5,5,6,1,4.833333333333333,"high",NA,NA,NA,NA,NA,NA,NA,1.1082303013619368
63,"8q8e9mhxc5kmnwgs","2023-09-07T15:39:20Z","save",1,5,1,4,0,5,3,6,3,3,3,2,2,3,12,33,"weiblich",12,1,2,2,3,2,1,4.666666666666667,2.5,"low",NA,NA,NA,NA,NA,NA,NA,1.20870458526136
67,"bcgge40901mcq9nj","2023-09-07T16:11:35Z","save",0,4,1,4,3,4,4,4,3,4,3,1,1,2,18,54,"weiblich",10,2,2,2,4,3,1.6,4,2.833333333333333,"high",NA,NA,NA,NA,NA,NA,NA,1.207216721985774
69,"cxz804py143209rp","2023-09-07T16:24:28Z","save",1,5,1,3,0,8,8,9,4,4,5,2,1,3,9,25,"weiblich",12,1,3,0,3,2,1.2,8.333333333333334,2.333333333333333,"low",NA,NA,NA,NA,NA,NA,NA,1.3244402019060935
70,"14f7hvgm4jq4ej6p","2023-09-07T16:24:32Z","save",0,5,0,6,0,9,7,7,2,2,3,4,1,3,12,43,"männlich",12,1,0,2,1,2,0.2,7.666666666666667,1.666666666666667,"low",NA,NA,NA,NA,NA,NA,NA,1.4614666141969408
77,"1hk8q8f379jffljg","2023-09-07T16:54:12Z","save",1,5,0,5,0,8,8,8,4,4,3,0,2,3,13,40,"weiblich",12,1,1,2,5,2,0.6,8,3.166666666666667,"high",NA,NA,NA,NA,NA,NA,NA,1.6227222467137181
78,"blta2n2mjhsk5szq","2023-09-07T17:10:22Z","save",0,4,0,3,0,8,6,9,2,2,3,4,2,4,14,34,"weiblich",13,2,3,2,1,1,1,7.666666666666667,1.666666666666667,"low",NA,NA,NA,NA,NA,NA,NA,1.9026243439875943
79,"y58zkgavlb0trg6o","2023-09-07T17:11:16Z","save",0,3,0,5,0,6,5,5,4,5,3,2,4,1,12,23,"männlich",12,3,1,2,3,4,0.8,5.333333333333333,3.666666666666667,"high",NA,NA,NA,NA,NA,NA,NA,2.146690940964337
81,"mggr5v27ox6t8l9e","2023-09-07T17:31:20Z","save",5,2,3,1,3,2,2,5,3,3,2,2,3,2,11,34,"weiblich",11,4,5,3,3,3,4,3,3,"high",NA,NA,NA,NA,NA,NA,NA,2.297692754656935
83,"zpz51j0l6qxkel5p","2023-09-07T17:35:38Z","save",4,5,1,5,3,8,8,8,5,5,4,2,4,2,14,31,"weiblich",12,1,1,1,3,3,2,8,3.5,"high",NA,NA,NA,NA,NA,NA,NA,2.6252777582021554
84,"wu3cwjhl3bh4hqak","2023-09-07T17:44:28Z","save",2,4,1,4,1,7,6,6,0,1,5,3,1,4,13,22,"männlich",14,2,2,0,2,1,1.6,6.333333333333333,0.833333333333333,"low",NA,NA,NA,NA,NA,NA,NA,3.3575795443228014
85,"6vgedw1mcyn8so04","2023-09-07T17:50:00Z","save",0,6,0,6,0,9,9,10,4,4,4,4,4,4,11,64,"weiblich",10,0,0,1,1,1,0,9.333333333333334,2.5,"low",NA,NA,NA,NA,NA,NA,NA,3.364893997420072
87,"0g379lcux7qp040g","2023-09-07T19:17:33Z","save",1,2,1,3,2,7,4,6,3,3,5,2,2,3,14,29,"weiblich",14,4,3,0,3,2,2.2,5.666666666666667,2.166666666666667,"low",NA,NA,NA,NA,NA,NA,NA,4.391470898015775
89,"cvvrg32m0801b3x0","2023-09-07T21:27:22Z","save",2,1,5,1,6,9,8,9,4,4,4,3,1,3,8,32,"weiblich",10,5,5,1,2,2,4.6,8.666666666666666,2.333333333333333,"low",NA,NA,NA,NA,NA,NA,NA,4.402241337183199
90,"bvr2ldbzoeabfvzh","2023-09-07T21:37:19Z","save",3,5,3,3,1,10,10,10,5,5,2,2,1,1,12,29,"weiblich",13,1,3,3,3,4,2.2,10,3.5,"high",NA,NA,NA,NA,NA,NA,NA,5.570070763562832
91,"cle9nsk9lknh8dwr","2023-09-07T21:38:56Z","save",0,4,1,6,0,6,2,7,4,4,4,2,4,2,11,22,"männlich",11,2,0,1,3,3,0.6,5,3.166666666666667,"high",NA,NA,NA,NA,NA,NA,NA,6.148667216452002
97,"3mh7g8l2ne81grr6","2023-09-08T03:59:03Z","save",0,0,6,0,6,0,0,0,5,5,0,0,5,0,10,36,"weiblich",10,6,6,5,5,5,4.8,0,5,"high",NA,NA,NA,NA,NA,NA,NA,6.164129110899143
98,"subgb3kdk7os07u1","2023-09-08T04:21:28Z","save",0,4,1,3,0,8,4,5,3,3,4,2,3,3,12,54,"weiblich",13,2,3,1,3,2,1.2,5.666666666666667,2.5,"low",NA,NA,NA,NA,NA,NA,NA,7.993431922765924
99,"7r57xdnmcydeytnp","2023-09-08T04:21:50Z","save",0,5,0,0,0,7,4,4,3,2,5,4,5,3,15,55,"weiblich",13,1,6,0,1,2,1.4,5,2.166666666666667,"low",NA,NA,NA,NA,NA,NA,NA,10.54915387847641
100,"9b6m093pan83d60q","2023-09-08T04:40:00Z","save",1,5,5,5,4,7,4,7,3,3,4,2,4,3,6,32,"weiblich",8,1,1,1,3,2,2.4,6,2.666666666666667,"low",NA,NA,NA,NA,NA,NA,NA,8.072387381960839
107,"uyf3yfxcbydd972w","2023-09-08T06:07:55Z","save",0,5,0,6,0,10,8,8,4,4,1,2,4,2,14,46,"männlich",15,1,0,4,3,3,0.2,8.666666666666666,3.666666666666667,"high",NA,NA,NA,NA,NA,NA,NA,11.683744998807443
108,"5xtm6hhx1jnrxs26","2023-09-08T06:19:47Z","save",0,4,0,5,0,9,7,9,2,2,5,4,1,5,18,29,"weiblich",10,2,1,0,1,0,0.6,8.333333333333334,1,"low",NA,NA,NA,NA,NA,NA,NA,11.708614484078641
110,"k6scgphy1s9jld07","2023-09-08T06:50:11Z","save",6,2,6,1,6,5,5,5,3,3,3,2,3,2,10,28,"weiblich",13,4,5,2,3,3,5.4,5,2.833333333333333,"high",NA,NA,NA,NA,NA,NA,NA,15.67998570364691
111,"11p1cl1xmlkzt86w","2023-09-08T07:15:15Z","save",0,4,2,4,1,5,3,5,4,3,4,3,2,3,5,32,"weiblich",4,2,2,1,2,2,1.4,4.333333333333333,2.333333333333333,"low",NA,NA,NA,NA,NA,NA,NA,6.194489486065972
113,"7x9wpjfya4gw76of","2023-09-08T07:24:54Z","save",2,3,1,3,0,3,3,3,4,4,1,2,4,2,10,22,"weiblich",12,3,3,4,3,3,1.8,3,3.666666666666667,"high",NA,NA,NA,NA,NA,NA,NA,7.322531161344565
114,"eq0xlhcds1eh0esc","2023-09-08T07:38:48Z","save",0,5,1,4,0,2,1,2,1,1,5,2,5,3,3,33,"weiblich",8,1,2,0,3,2,0.8,1.666666666666667,2,"low",NA,NA,NA,NA,NA,NA,NA,5.949240029117558
116,"04gqtou3un5ja680","2023-09-08T07:45:37Z","save",0,2,3,5,0,8,3,8,3,3,4,3,1,3,15,39,"männlich",6,4,1,1,2,2,1.6,6.333333333333333,2,"low",NA,NA,NA,NA,NA,NA,NA,3.981278799809444
123,"92g8cngoqhtybexh","2023-09-08T09:02:29Z","save",0,3,1,4,1,5,6,6,4,2,4,0,4,1,20,32,"männlich",9,3,2,1,5,4,1.4,5.666666666666667,3.333333333333333,"high",NA,NA,NA,NA,NA,NA,NA,3.689115680723749
124,"429m3juf5pwj5ndn","2023-09-08T09:05:52Z","save",3,1,5,1,5,1,2,1,4,4,1,0,3,1,10,43,"weiblich",11,5,5,4,5,4,4.6,1.333333333333333,4,"high",NA,NA,NA,NA,NA,NA,NA,3.9621553595093197
126,"3pnkl5c8w3ct315e","2023-09-08T09:26:41Z","save",5,4,4,3,3,3,3,6,3,3,2,2,2,2,10,33,"männlich",10,2,3,3,3,3,3.4,4,2.833333333333333,"high",NA,NA,NA,NA,NA,NA,NA,3.968290726251205
127,"bhktmv70oqskqw5z","2023-09-08T09:36:20Z","save",4,3,5,3,3,4,3,3,4,5,3,2,5,2,14,32,"männlich",11,3,3,2,3,3,3.6,3.333333333333333,3.666666666666667,"high",NA,NA,NA,NA,NA,NA,NA,4.271119006370981
130,"f6mm0kp5lgx8mrjw","2023-09-08T09:49:59Z","save",4,3,3,1,1,7,4,6,5,4,3,2,4,0,13,32,"weiblich",10,3,5,2,3,5,3.2,5.666666666666667,3.833333333333333,"high",NA,NA,NA,NA,NA,NA,NA,4.277838080407328
132,"6x08m49m5w2ym0sa","2023-09-08T09:54:24Z","save",3,2,3,4,2,7,7,6,0,3,1,0,2,3,17,12,"männlich",15,4,2,4,5,2,2.8,6.666666666666667,2.666666666666667,"low",NA,NA,NA,NA,NA,NA,NA,5.728762101734384
134,"cs4x0xg24baly3ex","2023-09-08T10:04:55Z","save",0,5,1,5,0,5,3,4,4,4,3,1,4,3,12,39,"weiblich",13,1,1,2,4,2,0.6,4,3.333333333333333,"high",NA,NA,NA,NA,NA,NA,NA,7.112724461172216
139,"0mw3clgy0fljpevm","2023-09-08T11:31:09Z","save",0,6,0,6,0,10,10,10,4,5,4,2,5,2,18,35,"weiblich",9,0,0,1,3,3,0,10,3.5,"high",NA,NA,NA,NA,NA,NA,NA,6.4919691021172365
143,"qa45ds9adl8unspy","2023-09-08T12:04:02Z","save",0,5,0,5,0,10,10,10,3,3,2,3,2,2,6,52,"männlich",4,1,1,3,2,3,0.4,10,2.666666666666667,"low",NA,NA,NA,NA,NA,NA,NA,3.567231743566402
144,"o2wtj7pl4d3tq8bl","2023-09-08T12:13:03Z","save",3,5,0,3,0,8,5,7,4,5,3,0,0,1,15,29,"weiblich",8,1,3,2,5,4,1.4,6.666666666666667,3.333333333333333,"high",NA,NA,NA,NA,NA,NA,NA,3.1015350611309187
145,"eefavs5wzzux0j78","2023-09-08T12:32:08Z","save",0,5,0,5,0,6,5,5,2,2,4,4,2,4,7,48,"weiblich",7,1,1,1,1,1,0.4,5.333333333333333,1.5,"low",NA,NA,NA,NA,NA,NA,NA,2.53667305210429
147,"9bsjxayzrnruxrx6","2023-09-08T13:25:41Z","save",0,5,0,5,0,8,6,8,4,5,2,1,4,3,12,51,"weiblich",9,1,1,3,4,2,0.4,7.333333333333333,3.666666666666667,"high",NA,NA,NA,NA,NA,NA,NA,2.3942674604298264
149,"mowwzbqz8hgrv2ub","2023-09-08T14:47:44Z","save",0,5,0,4,0,9,10,9,0,0,5,4,4,4,18,25,"männlich",13,1,2,0,1,1,0.6,9.333333333333334,1,"low",NA,NA,NA,NA,NA,NA,NA,2.78248017019495
150,"wmgg8g27v7u46d0d","2023-09-08T14:59:25Z","save",0,3,1,6,0,9,6,9,1,5,4,2,2,5,18,49,"weiblich",7,3,0,1,3,0,0.8,8,2,"low",NA,NA,NA,NA,NA,NA,NA,2.3052068333160696
152,"7d7wwht3pr1q0a3h","2023-09-08T15:28:07Z","save",3,5,2,3,0,6,4,8,4,5,5,4,3,2,8,29,"weiblich",7,1,3,0,1,3,1.8,6,2.666666666666667,"low",NA,NA,NA,NA,NA,NA,NA,1.943886149577214
153,"fgsmqt2mcxoow4uh","2023-09-08T15:35:47Z","save",3,2,2,2,3,4,3,3,4,4,2,1,3,1,8,32,"weiblich",10,4,4,3,4,4,3.2,3.333333333333333,3.666666666666667,"high",NA,NA,NA,NA,NA,NA,NA,1.9437503541456893
155,"34sxsgu2rbo7yjut","2023-09-08T15:47:26Z","save",3,4,3,2,3,8,6,6,4,3,1,2,3,2,15,28,"weiblich",6,2,4,4,3,3,3,6.666666666666667,3.333333333333333,"high",NA,NA,NA,NA,NA,NA,NA,1.5763460786173251
156,"oole4f8v0jy3gmdo","2023-09-08T15:57:10Z","save",0,4,1,5,0,5,5,7,1,3,4,4,1,4,20,43,"weiblich",11,2,1,1,1,1,0.8,5.666666666666667,1.333333333333333,"low",NA,NA,NA,NA,NA,NA,NA,1.6443110448658018
158,"st9dphtryq7ay9lm","2023-09-08T17:06:51Z","save",4,2,3,1,1,2,2,4,2,4,2,3,4,1,8,29,"weiblich",10,4,5,3,2,4,3.4,2.666666666666667,3.166666666666667,"high",NA,NA,NA,NA,NA,NA,NA,1.6435686015598907
160,"4lhead63xj3omq67","2023-09-08T19:22:21Z","save",1,3,4,1,4,5,3,5,4,4,3,1,3,2,14,40,"weiblich",10,3,5,2,4,3,3.4,4.333333333333333,3.333333333333333,"high",NA,NA,NA,NA,NA,NA,NA,1.6428146569312954
161,"vuxdhjn8sqfq58eu","2023-09-08T19:22:59Z","save",3,1,6,0,6,1,1,1,4,1,2,0,5,5,5,43,"weiblich",12,5,6,3,5,0,5.2,1,3,"high",NA,NA,NA,NA,NA,NA,NA,1.788857510935059
163,"709xmjh0yyeorwey","2023-09-08T20:19:49Z","save",0,4,0,4,0,5,5,5,1,1,4,4,1,4,13,43,"weiblich",13,2,2,1,1,1,0.8,5,1,"low",NA,NA,NA,NA,NA,NA,NA,2.035437469561155
164,"rum2m7zp0xb5z1l7","2023-09-09T04:31:46Z","save",0,5,0,5,0,8,8,8,2,2,3,3,3,3,10,51,"weiblich",10,1,1,2,2,2,0.4,8,2.166666666666667,"low",NA,NA,NA,NA,NA,NA,NA,2.0353131965710007
166,"tou934apylhuh5bz","2023-09-09T06:43:02Z","save",0,6,0,6,0,10,10,10,5,5,2,2,5,2,11,48,"männlich",9,0,0,3,3,3,0,10,4,"high",NA,NA,NA,NA,NA,NA,NA,1.9346663847954753
167,"brc9kk475nenh16v","2023-09-09T06:57:16Z","save",0,5,0,6,0,8,10,9,1,5,4,4,0,4,13,17,"männlich",13,1,0,1,1,1,0.2,9,1.5,"low",NA,NA,NA,NA,NA,NA,NA,2.210614790212234
173,"qsusr5njtmq219zq","2023-09-09T09:01:41Z","save",0,5,3,4,0,3,3,3,4,4,3,4,1,4,6,33,"männlich",10,1,2,2,1,1,1.2,3,2.166666666666667,"low",NA,NA,NA,NA,NA,NA,NA,2.2107300963827305
174,"7aagb2bfa4kmf7fa","2023-09-09T09:08:30Z","save",0,6,0,4,0,7,7,7,4,3,3,2,2,2,7,32,"weiblich",11,0,2,2,3,3,0.4,7,2.833333333333333,"high",NA,NA,NA,NA,NA,NA,NA,2.3240704154408176
175,"tkt0f63trddfbsnh","2023-09-09T09:14:13Z","save",0,6,0,3,0,10,10,10,5,5,5,3,5,1,17,25,"weiblich",10,0,3,0,2,4,0.6,10,3.5,"high",NA,NA,NA,NA,NA,NA,NA,2.3243311454269207
176,"yzgfdehohvwzjflh","2023-09-09T09:45:52Z","save",1,5,4,1,5,9,3,9,1,0,1,5,1,4,10,72,"weiblich",11,1,5,4,0,1,3.2,7,1.166666666666667,"low",NA,NA,NA,NA,NA,NA,NA,2.4466046755914848
179,"vks12go6tk37zg55","2023-09-09T12:53:18Z","save",1,6,0,3,0,10,10,10,1,3,5,2,1,3,10,45,"männlich",10,0,3,0,3,2,0.8,10,1.666666666666667,"low",NA,NA,NA,NA,NA,NA,NA,2.447019947274005
182,"7lcfx142vw86fefg","2023-09-09T14:22:18Z","save",0,6,0,6,0,10,10,10,3,3,5,4,2,4,14,51,"weiblich",11,0,0,0,1,1,0,10,1.666666666666667,"low",NA,NA,NA,NA,NA,NA,NA,2.579074488281528
183,"v7lhe6ovm4pc4u4n","2023-09-09T15:31:43Z","save",4,6,4,4,4,6,6,8,1,1,5,5,4,5,10,48,"weiblich",8,0,2,0,0,0,2.8,6.666666666666667,1,"low",NA,NA,NA,NA,NA,NA,NA,2.2982003679999123
185,"zw79x6ubxu1hb3yh","2023-09-10T07:57:51Z","save",0,4,0,4,0,6,6,7,2,2,3,3,2,3,9,41,"weiblich",8,2,2,2,2,2,0.8,6.333333333333333,2,"low",NA,NA,NA,NA,NA,NA,NA,2.0602378497698917
187,"v745dv0l16uujo56","2023-09-10T09:33:21Z","save",0,6,0,3,0,5,5,5,3,4,3,1,3,3,15,33,"weiblich",15,0,3,2,4,2,0.6,5,3,"high",NA,NA,NA,NA,NA,NA,NA,2.544973421096306
189,"52te8gykwb0v1gbd","2023-09-10T12:47:08Z","save",0,6,0,5,0,5,5,5,2,2,0,1,1,2,7,32,"weiblich",7,0,1,5,4,3,0.2,5,2.833333333333333,"high",NA,NA,NA,NA,NA,NA,NA,2.145620181562158
193,"6gfupzzeovsszqn2","2023-09-10T17:57:03Z","save",6,0,6,0,6,2,2,2,3,3,2,3,3,2,12,40,"männlich",11,6,6,3,2,3,6,2,2.833333333333333,"high",NA,NA,NA,NA,NA,NA,NA,2.2513584359643968
194,"gss7d5le89jehlgn","2023-09-10T18:38:25Z","save",0,3,4,2,3,5,1,7,4,4,4,2,4,1,14,36,"männlich",14,3,4,1,3,4,2.8,4.333333333333333,3.333333333333333,"high",NA,NA,NA,NA,NA,NA,NA,2.6905245336422894
197,"1ad1q6ksz7z5ch6b","2023-09-10T18:57:36Z","save",0,4,0,5,0,7,8,8,3,4,3,1,1,2,11,33,"weiblich",7,2,1,2,4,3,0.6,7.666666666666667,2.833333333333333,"high",NA,NA,NA,NA,NA,NA,NA,2.265681499056903
199,"2f6pmp1ur3cuh4la","2023-09-10T19:16:29Z","save",0,5,1,2,1,6,5,8,4,3,5,2,2,5,17,42,"weiblich",8,1,4,0,3,0,1.4,6.333333333333333,2,"low",NA,NA,NA,NA,NA,NA,NA,2.0422746760101673
200,"rsb08gohfmhzuxgr","2023-09-10T19:49:44Z","save",1,5,2,4,0,2,4,5,3,3,3,3,1,2,7,32,"männlich",7,1,2,2,2,3,1.2,3.666666666666667,2.333333333333333,"low",NA,NA,NA,NA,NA,NA,NA,1.7571266680724893
204,"rmro1ryqt0lsqn8l","2023-09-10T20:00:06Z","save",1,3,2,3,0,5,1,1,2,1,3,2,1,2,9,46,"weiblich",10,3,3,2,3,3,1.8,2.333333333333333,2,"low",NA,NA,NA,NA,NA,NA,NA,1.7563560867268262
206,"0ps4tbn51h105xul","2023-09-10T21:29:25Z","save",0,4,0,3,0,8,4,9,3,3,1,2,4,4,12,59,"weiblich",13,2,3,4,3,1,1,7,3,"high",NA,NA,NA,NA,NA,NA,NA,1.9858481390498715
207,"cfospha3cz0u30fn","2023-09-10T21:36:24Z","save",2,5,4,3,0,3,3,7,0,3,3,3,4,2,12,62,"weiblich",14,1,3,2,2,3,2,4.333333333333333,2.333333333333333,"low",NA,NA,NA,NA,NA,NA,NA,2.3446506422174904
208,"fgtrhuhmgowp5lyo","2023-09-10T21:37:06Z","save",2,2,2,1,1,0,0,0,5,5,0,0,5,0,8,58,"männlich",9,4,5,5,5,5,2.8,0,5,"high",NA,NA,NA,NA,NA,NA,NA,2.2290039582291312
209,"5ruthpbdmp4zjqdc","2023-09-11T02:49:45Z","save",4,5,3,3,5,7,4,4,4,3,4,2,3,4,10,60,"männlich",8,1,3,1,3,1,3.2,5,2.5,"low",NA,NA,NA,NA,NA,NA,NA,2.0151163295509624
212,"3k636gnuerhferqf","2023-09-11T03:47:19Z","save",0,5,0,6,0,6,5,5,4,4,2,1,4,2,15,55,"männlich",12,1,0,3,4,3,0.2,5.333333333333333,3.666666666666667,"high",NA,NA,NA,NA,NA,NA,NA,2.200198895561612
215,"9a78re0006fdddh4","2023-09-11T06:20:23Z","save",0,6,0,5,0,8,8,9,2,2,4,4,4,4,12,24,"weiblich",12,0,1,1,1,1,0.2,8.333333333333334,1.833333333333333,"low",NA,NA,NA,NA,NA,NA,NA,2.4098970088599736
216,"fr5w9mtaw2ccrmuk","2023-09-11T06:25:18Z","save",0,2,0,4,0,6,4,5,3,2,4,2,3,3,12,54,"weiblich",9,4,2,1,3,2,1.2,5,2.333333333333333,"low",NA,NA,NA,NA,NA,NA,NA,2.2901767427570037
218,"x44njpjmsabtwg2e","2023-09-11T06:42:54Z","save",0,5,1,5,1,7,8,5,4,4,1,1,4,1,15,56,"weiblich",7,1,1,4,4,4,0.8,6.666666666666667,4,"high",NA,NA,NA,NA,NA,NA,NA,1.9616610140209685
221,"zlws5wqmjfnbsynt","2023-09-11T07:42:42Z","save",0,5,0,6,0,10,9,10,0,0,5,3,3,4,17,54,"weiblich",7,1,0,0,2,1,0.2,9.666666666666666,1,"low",NA,NA,NA,NA,NA,NA,NA,1.699429388947229
222,"jmrmw3mc5mhcnfz9","2023-09-11T07:52:18Z","save",1,5,0,4,3,9,3,9,1,1,3,4,1,3,13,39,"weiblich",12,1,2,2,1,2,1.4,7,1.333333333333333,"low",NA,NA,NA,NA,NA,NA,NA,1.8422283442671255
223,"3v8gvn17des916np","2023-09-11T08:28:02Z","save",2,2,1,3,0,4,4,4,2,2,3,3,3,3,12,57,"männlich",9,4,3,2,2,2,2,4,2.166666666666667,"low",NA,NA,NA,NA,NA,NA,NA,1.760957927366645
226,"n0t3jdxzy1bpxuoh","2023-09-11T08:54:38Z","save",1,2,1,6,1,10,0,10,0,1,4,3,4,5,15,56,"männlich",10,4,0,1,2,0,1.4,6.666666666666667,1.333333333333333,"low",NA,NA,NA,NA,NA,NA,NA,1.7601244292058598
228,"jdnw5hmpn0v4ca1u","2023-09-11T10:31:06Z","save",4,1,4,1,3,5,5,5,4,4,1,0,4,1,6,44,"männlich",10,5,5,4,5,4,4.2,5,4.166666666666667,"high",NA,NA,NA,NA,NA,NA,NA,1.7592857203603336
229,"fyarsc2yk5u8105y","2023-09-11T10:37:00Z","save",0,4,0,4,0,5,3,5,2,1,3,3,1,2,18,33,"weiblich",10,2,2,2,2,3,0.8,4.333333333333333,1.833333333333333,"low",NA,NA,NA,NA,NA,NA,NA,1.7584419738925616
231,"n0tgtegpc3pqf5o5","2023-09-11T10:55:18Z","save",2,5,1,4,0,8,7,8,4,4,2,1,4,1,2,27,"männlich",3,1,2,3,4,4,1.2,7.666666666666667,3.833333333333333,"high",NA,NA,NA,NA,NA,NA,NA,1.2700447330064835
232,"1pk6axp6jvx2szj8","2023-09-11T10:59:55Z","save",2,5,1,4,1,8,6,7,3,3,4,3,2,3,12,44,"männlich",10,1,2,1,2,2,1.4,7,2.166666666666667,"low",NA,NA,NA,NA,NA,NA,NA,1.2688535569454238
234,"7agvwcqw3c33lkjo","2023-09-11T11:11:30Z","save",0,1,1,1,2,3,3,3,0,0,0,0,0,0,5,36,"männlich",9,5,5,5,5,5,2.6,3,2.5,"low",NA,NA,NA,NA,NA,NA,NA,1.2223562366922265
235,"y3obtxqetbvdt9q7","2023-09-11T11:14:30Z","save",0,2,1,2,4,7,5,3,5,4,3,3,4,3,11,59,"weiblich",12,4,4,2,2,2,2.6,5,3.166666666666667,"high",NA,NA,NA,NA,NA,NA,NA,1.3078306135148527
236,"g8pk47orp4zum2o8","2023-09-11T11:18:38Z","save",4,4,3,3,4,6,6,6,2,3,3,3,3,3,11,31,"männlich",11,2,3,2,2,2,3.2,6,2.333333333333333,"low",NA,NA,NA,NA,NA,NA,NA,1.3545127969722746
237,"cv227pm6d0v0d52q","2023-09-11T11:19:51Z","save",0,3,0,6,1,10,10,8,3,3,4,3,2,2,13,55,"weiblich",10,3,0,1,2,3,0.8,9.333333333333334,2.333333333333333,"low",NA,NA,NA,NA,NA,NA,NA,1.3533756404229873
240,"c0oce4tmfl4ajul8","2023-09-11T11:27:25Z","save",3,3,3,4,0,8,7,7,3,3,2,3,3,2,10,61,"weiblich",9,3,2,3,2,3,2.2,7.333333333333333,2.833333333333333,"high",NA,NA,NA,NA,NA,NA,NA,1.3021682854139283
241,"o03k0vtb81zn5clp","2023-09-11T11:27:44Z","save",1,5,1,6,0,9,9,9,3,3,4,2,3,3,7,55,"weiblich",8,1,0,1,3,2,0.6,9,2.5,"low",NA,NA,NA,NA,NA,NA,NA,1.2071269777014673
243,"gfllsab5mxhxcbjz","2023-09-11T11:27:59Z","save",0,6,0,6,0,10,10,10,3,2,3,3,3,3,11,46,"männlich",11,0,0,2,2,2,0,10,2.333333333333333,"low",NA,NA,NA,NA,NA,NA,NA,1.2485500912055032
244,"2n7vn5uax7py51as","2023-09-11T11:28:55Z","save",1,5,0,5,0,9,9,9,5,5,1,3,1,2,10,49,"männlich",11,1,1,4,2,3,0.6,9,3.333333333333333,"high",NA,NA,NA,NA,NA,NA,NA,1.2922404767085098
250,"bzhxm6yps4oh8wfk","2023-09-11T11:30:38Z","save",0,3,0,4,0,8,8,8,5,5,2,2,4,2,13,30,"weiblich",13,3,2,3,3,3,1,8,3.833333333333333,"high",NA,NA,NA,NA,NA,NA,NA,1.4326364753621357
251,"pl5xlymwpads1ck1","2023-09-11T11:31:22Z","save",0,5,0,5,0,10,10,10,3,3,3,2,3,3,10,28,"weiblich",7,1,1,2,3,2,0.4,10,2.666666666666667,"low",NA,NA,NA,NA,NA,NA,NA,1.271257502512079
252,"6p4sb9sny4eouwlf","2023-09-11T11:31:49Z","save",3,4,1,3,0,2,2,6,0,1,4,4,1,4,12,50,"weiblich",12,2,3,1,1,1,1.8,3.333333333333333,0.833333333333333,"low",NA,NA,NA,NA,NA,NA,NA,1.3617003677523811
255,"aw4bgmjdkjkuy8ms","2023-09-11T11:32:30Z","save",2,5,2,4,2,6,6,6,2,3,3,2,2,3,9,39,"weiblich",11,1,2,2,3,2,1.8,6,2.333333333333333,"low",NA,NA,NA,NA,NA,NA,NA,1.4111866898770942
256,"4cp7e3avmgnbx5ol","2023-09-11T11:32:44Z","save",0,4,0,5,0,9,8,8,3,4,1,1,3,0,10,39,"weiblich",12,2,1,4,4,5,0.6,8.333333333333334,3.833333333333333,"high",NA,NA,NA,NA,NA,NA,NA,1.5168137902599752
258,"zntn1oywah4azg93","2023-09-11T11:39:49Z","save",0,6,0,6,0,9,8,9,3,3,3,2,2,3,10,44,"weiblich",11,0,0,2,3,2,0,8.666666666666666,2.5,"low",NA,NA,NA,NA,NA,NA,NA,1.5750099054347595
259,"x44pyjl2otzmn41d","2023-09-11T11:42:07Z","save",4,4,3,2,0,8,6,7,4,4,3,2,3,2,7,30,"weiblich",11,2,4,2,3,3,2.6,7,3.166666666666667,"high",NA,NA,NA,NA,NA,NA,NA,1.6366104143017064
260,"wc3qkudncr6lrowx","2023-09-11T11:43:01Z","save",3,3,3,3,3,2,2,2,3,3,2,3,3,2,10,49,"weiblich",8,3,3,3,2,3,3,2,2.833333333333333,"high",NA,NA,NA,NA,NA,NA,NA,1.5049050175700427
263,"mo6f8q0juf5xj8d5","2023-09-11T11:46:03Z","save",4,4,1,5,0,7,7,6,4,4,4,2,1,1,12,40,"weiblich",12,2,1,1,3,4,1.6,6.666666666666667,2.833333333333333,"high",NA,NA,NA,NA,NA,NA,NA,1.620987680482587
266,"bxvyeosna02dm704","2023-09-11T11:49:22Z","save",4,4,0,2,1,9,10,8,4,3,4,2,4,3,12,46,"weiblich",8,2,4,1,3,2,2.2,9,2.833333333333333,"high",NA,NA,NA,NA,NA,NA,NA,1.4913505282109971
268,"ea04sc783ucjezpx","2023-09-11T11:53:30Z","save",3,3,6,0,3,5,3,5,1,2,2,3,3,2,12,43,"männlich",12,3,6,3,2,3,4.2,4.333333333333333,2.333333333333333,"low",NA,NA,NA,NA,NA,NA,NA,1.6056927598587543
270,"jy2bb3qs8ym5tzdt","2023-09-11T11:54:50Z","save",0,4,0,4,0,8,7,8,2,4,4,3,3,3,17,52,"weiblich",13,2,2,1,2,2,0.8,7.666666666666667,2.333333333333333,"low",NA,NA,NA,NA,NA,NA,NA,1.7960972683189087
271,"dq9akj1aga0wb6o7","2023-09-11T11:55:31Z","save",0,5,1,4,0,7,6,7,2,2,1,2,2,2,15,49,"weiblich",12,1,2,4,3,3,0.8,6.666666666666667,2.666666666666667,"low",NA,NA,NA,NA,NA,NA,NA,1.9448771751007228
272,"zdbwtv0sbzd70pes","2023-09-11T11:55:42Z","save",2,1,2,3,2,4,5,4,3,3,3,0,3,1,8,29,"weiblich",9,5,3,2,5,4,2.8,4.333333333333333,3.333333333333333,"high",NA,NA,NA,NA,NA,NA,NA,1.8605965206222308
273,"oz27bhly95p80dxq","2023-09-11T12:01:24Z","save",4,0,0,0,0,0,0,0,4,4,5,3,4,4,15,43,"weiblich",11,6,6,0,2,1,3.2,0,2.5,"low",NA,NA,NA,NA,NA,NA,NA,1.938548802756684
274,"z9o046cqn7saa5pd","2023-09-11T12:02:01Z","save",1,6,0,4,4,7,0,4,3,3,0,3,3,1,12,29,"männlich",11,0,2,5,2,4,1.4,3.666666666666667,3.333333333333333,"high",NA,NA,NA,NA,NA,NA,NA,2.0212976199040544
276,"457pewyhs8ubb2hr","2023-09-11T12:07:02Z","save",2,5,1,5,0,2,2,6,4,4,2,2,2,2,10,30,"männlich",7,1,1,3,3,3,1,3.333333333333333,3.166666666666667,"high",NA,NA,NA,NA,NA,NA,NA,1.7598146762329747
277,"l5oztk6ckj3n5a8a","2023-09-11T12:14:15Z","save",1,5,1,4,0,9,7,8,3,3,4,2,1,4,15,40,"weiblich",11,1,2,1,3,1,1,8,2,"low",NA,NA,NA,NA,NA,NA,NA,1.8315242076518714
279,"too3dv1hrpq55h12","2023-09-11T12:17:52Z","save",0,6,0,4,0,9,6,8,2,0,2,2,3,2,20,59,"weiblich",11,0,2,3,3,3,0.4,7.666666666666667,2.333333333333333,"low",NA,NA,NA,NA,NA,NA,NA,1.907548258387504
280,"3ez5l2kqoj7535mh","2023-09-11T12:20:36Z","save",0,6,0,6,0,10,10,10,4,5,3,4,3,3,20,51,"weiblich",13,0,0,2,1,2,0,10,2.833333333333333,"high",NA,NA,NA,NA,NA,NA,NA,2.1491695767947823
283,"yzcwvcsva7jayy4n","2023-09-11T12:25:30Z","save",0,6,0,1,0,9,5,6,0,0,3,5,1,5,10,30,"männlich",10,0,5,2,0,0,1,6.666666666666667,0.5,"low",NA,NA,NA,NA,NA,NA,NA,2.148470277759616
289,"wf1bwjwlpj6ve9d0","2023-09-11T12:30:50Z","save",1,1,1,1,0,2,2,2,3,3,4,3,2,3,8,63,"weiblich",8,5,5,1,2,2,2.4,2,2.166666666666667,"low",NA,NA,NA,NA,NA,NA,NA,1.9577870510648894
290,"vm8jhboszs9kq0zc","2023-09-11T12:31:28Z","save",3,5,4,3,0,7,6,6,2,2,2,3,2,3,16,32,"weiblich",12,1,3,3,2,2,2.2,6.333333333333333,2.166666666666667,"low",NA,NA,NA,NA,NA,NA,NA,2.1248915369349657
294,"uuz3runs5ejx9sgf","2023-09-11T13:00:10Z","save",0,0,0,6,0,9,8,9,1,1,3,2,3,2,12,58,"männlich",12,6,0,2,3,3,1.2,8.666666666666666,2.166666666666667,"low",NA,NA,NA,NA,NA,NA,NA,2.31209689000621
295,"b767ef863v0z5dv2","2023-09-11T13:00:55Z","save",1,4,2,4,1,7,8,8,3,3,4,3,4,3,5,44,"männlich",10,2,2,1,2,2,1.6,7.666666666666667,2.5,"low",NA,NA,NA,NA,NA,NA,NA,2.311479596403216
297,"m43bma0u3n1vz5z4","2023-09-11T13:04:34Z","save",0,6,0,5,0,9,7,9,2,2,4,4,3,4,10,60,"weiblich",7,0,1,1,1,1,0.2,8.333333333333334,1.666666666666667,"low",NA,NA,NA,NA,NA,NA,NA,1.9991367399589801
301,"qoczvhd9zbq4cy0l","2023-09-11T13:28:32Z","save",0,0,0,1,0,0,0,0,3,3,3,4,1,4,10,32,"männlich",9,6,5,2,1,1,2.2,0,1.833333333333333,"low",NA,NA,NA,NA,NA,NA,NA,1.9124736263570146
304,"syrkky1j41accbtd","2023-09-11T14:03:15Z","save",4,4,0,0,2,7,1,1,3,3,1,1,4,1,15,65,"weiblich",11,2,6,4,4,4,2.8,3,3.666666666666667,"high",NA,NA,NA,NA,NA,NA,NA,1.9926987753040735
305,"c1ugcmkg2k7rh8bj","2023-09-11T14:18:52Z","save",6,3,6,0,6,0,0,0,4,4,2,1,4,0,7,51,"weiblich",7,3,6,3,4,5,5.4,0,4,"high",NA,NA,NA,NA,NA,NA,NA,1.7392313174558423
307,"je6c8esxydtmp9ww","2023-09-11T14:31:20Z","save",2,4,0,4,0,6,5,6,4,4,5,2,3,4,8,49,"weiblich",8,2,2,0,3,1,1.2,5.666666666666667,2.5,"low",NA,NA,NA,NA,NA,NA,NA,1.5986018495465846
308,"n8b4o8pave3zqevg","2023-09-11T14:50:45Z","save",1,5,1,5,0,5,5,7,3,3,5,3,2,4,14,48,"weiblich",11,1,1,0,2,1,0.8,5.666666666666667,1.833333333333333,"low",NA,NA,NA,NA,NA,NA,NA,1.6602886514414938
309,"b6ohu0z9mobgy9yf","2023-09-11T14:56:58Z","save",4,5,4,5,0,3,3,4,0,2,3,3,3,2,15,39,"weiblich",12,1,1,2,2,3,2,3.333333333333333,2,"low",NA,NA,NA,NA,NA,NA,NA,1.7915392970479715
322,"9xxaj671kt463fwv","2023-09-11T20:54:20Z","save",0,5,0,6,0,9,8,10,4,3,5,3,4,3,12,33,"weiblich",9,1,0,0,2,2,0.2,9,2.5,"low",NA,NA,NA,NA,NA,NA,NA,1.7173977159409994
324,"mycl9tcrvn9ltj9u","2023-09-11T21:15:32Z","save",5,2,3,4,1,4,3,3,2,3,3,1,2,2,8,23,"weiblich",9,4,2,2,4,3,3,3.333333333333333,2.666666666666667,"low",NA,NA,NA,NA,NA,NA,NA,1.6474449877821549
327,"tddqsabnmteo6vwx","2023-09-12T05:21:42Z","save",5,4,0,4,0,8,7,8,4,4,2,2,2,2,12,40,"weiblich",14,2,2,3,3,3,1.8,7.666666666666667,3.166666666666667,"high",NA,NA,NA,NA,NA,NA,NA,1.9052778872723253
329,"5epgd6npulpobjd0","2023-09-12T05:51:42Z","save",0,5,1,5,0,9,9,9,3,3,4,3,2,3,17,47,"weiblich",7,1,1,1,2,2,0.6,9,2.166666666666667,"low",NA,NA,NA,NA,NA,NA,NA,1.6700767680734727
331,"qocygt02p0ok456h","2023-09-12T06:11:59Z","save",1,3,2,4,1,5,4,4,4,4,2,2,3,2,15,35,"weiblich",15,3,2,3,3,3,1.8,4.333333333333333,3.333333333333333,"high",NA,NA,NA,NA,NA,NA,NA,1.9920211614387318
332,"e3j59ejmz2rg7cc2","2023-09-12T06:17:07Z","save",0,3,0,5,0,7,7,7,4,4,1,1,1,1,7,52,"weiblich",12,3,1,4,4,4,0.8,7,3.5,"high",NA,NA,NA,NA,NA,NA,NA,2.1577107153345145
339,"uzr595oyylkrpjkl","2023-09-12T07:35:37Z","save",0,4,1,4,0,7,6,7,3,4,2,2,3,2,15,50,"weiblich",7,2,2,3,3,3,1,6.666666666666667,3.166666666666667,"high",NA,NA,NA,NA,NA,NA,NA,1.882806696460366
340,"5u2qu5s584qyzd70","2023-09-12T07:49:41Z","save",0,3,0,4,0,5,5,5,4,4,2,3,2,2,10,57,"weiblich",9,3,2,3,2,3,1,5,3,"high",NA,NA,NA,NA,NA,NA,NA,1.805499235504172
343,"t4bfv0qzqw0q7ukw","2023-09-12T08:16:15Z","save",1,4,1,4,1,5,5,5,5,5,5,0,5,1,12,53,"weiblich",10,2,2,0,5,4,1.4,5,4,"high",NA,NA,NA,NA,NA,NA,NA,1.8045761011190882
344,"owmqsu6xflzfhjhh","2023-09-12T08:29:54Z","save",0,6,0,6,0,10,10,9,4,4,1,2,3,2,15,56,"weiblich",12,0,0,4,3,3,0,9.666666666666666,3.5,"high",NA,NA,NA,NA,NA,NA,NA,1.9484125830488785
345,"fwuwyyvw67d4l8dl","2023-09-12T08:42:10Z","save",0,0,0,0,0,0,0,0,0,0,0,0,0,0,0,7,"männlich",7,6,6,5,5,5,2.4,0,2.5,"low",NA,NA,NA,NA,NA,NA,NA,1.710495086084471
346,"df7cef42ap6ansko","2023-09-12T08:58:34Z","save",4,4,1,5,0,7,7,8,1,1,5,5,0,5,15,34,"weiblich",13,2,1,0,0,0,1.6,7.333333333333333,0.333333333333333,"low",NA,NA,NA,NA,NA,NA,NA,1.9093939525989634
348,"foncs370ky8lxcq0","2023-09-12T10:43:35Z","save",0,4,0,4,0,5,5,5,4,4,1,1,3,2,6,61,"weiblich",6,2,2,4,4,3,0.8,5,3.666666666666667,"high",NA,NA,NA,NA,NA,NA,NA,1.606677102244773
350,"vf4ksty17dnyq3t2","2023-09-12T11:26:35Z","save",0,4,2,5,0,8,6,8,5,5,2,0,5,1,10,36,"weiblich",11,2,1,3,5,4,1,7.333333333333333,4.5,"high",NA,NA,NA,NA,NA,NA,NA,1.6663429895938475
351,"klcah6ynazk4ma4a","2023-09-12T11:54:45Z","save",0,5,0,6,0,8,7,8,3,5,4,1,5,4,17,58,"weiblich",14,1,0,1,4,1,0.2,7.666666666666667,3.166666666666667,"high",NA,NA,NA,NA,NA,NA,NA,1.9183200712366408
352,"p3htbt3en7gj61yh","2023-09-12T12:01:34Z","save",0,6,0,6,0,10,10,10,3,3,3,4,2,3,15,33,"männlich",9,0,0,2,1,2,0,10,2.166666666666667,"low",NA,NA,NA,NA,NA,NA,NA,1.8405535644016102
354,"rnbonsmqkrbzwb0k","2023-09-12T12:50:24Z","save",0,5,0,3,0,8,7,7,5,5,2,2,3,2,13,25,"weiblich",9,1,3,3,3,3,0.8,7.333333333333333,3.666666666666667,"high",NA,NA,NA,NA,NA,NA,NA,1.7670450734011582
355,"9b3hlclrfy5sgsak","2023-09-12T14:09:10Z","save",0,6,3,3,0,5,5,5,4,5,4,2,3,2,15,53,"weiblich",12,0,3,1,3,3,1.2,5,3.166666666666667,"high",NA,NA,NA,NA,NA,NA,NA,1.9038932450780242
357,"pws42cvbzlr0tbag","2023-09-12T15:56:55Z","save",0,6,0,6,0,10,5,8,1,2,4,4,3,4,19,63,"weiblich",10,0,0,1,1,1,0,7.666666666666667,1.5,"low",NA,NA,NA,NA,NA,NA,NA,1.9029951843020072
362,"4n62ufdt66nddm4y","2023-09-12T17:25:13Z","save",3,3,0,5,0,7,7,7,2,3,5,2,2,1,10,28,"weiblich",10,3,1,0,3,4,1.4,7,2.333333333333333,"low",NA,NA,NA,NA,NA,NA,NA,1.9020958663713465
363,"m59k9qxssh3o56bc","2023-09-12T17:25:46Z","save",4,2,5,1,3,4,3,5,4,5,1,2,4,1,4,17,"weiblich",12,4,5,4,3,4,4.2,4,4,"high",NA,NA,NA,NA,NA,NA,NA,2.0539465213096824
364,"y5ezu1ku7m5tznmg","2023-09-12T17:27:54Z","save",2,6,1,2,0,8,0,5,3,3,4,4,3,1,13,36,"weiblich",11,0,4,1,1,4,1.4,4.333333333333333,2.5,"low",NA,NA,NA,NA,NA,NA,NA,2.1380598018934465
367,"pozhc9p3pzlrq169","2023-09-12T17:45:49Z","save",0,3,0,1,0,3,3,2,1,2,4,3,2,2,12,31,"weiblich",12,3,5,1,2,3,1.6,2.666666666666667,1.833333333333333,"low",NA,NA,NA,NA,NA,NA,NA,2.316473021101781
370,"m22f8h4ljswqnpvg","2023-09-12T17:55:27Z","save",0,5,0,5,0,9,8,9,1,2,2,3,2,3,16,33,"weiblich",14,1,1,3,2,2,0.4,8.666666666666666,2,"low",NA,NA,NA,NA,NA,NA,NA,2.709189343083744
371,"2yym56x2t3oa8189","2023-09-12T17:58:26Z","save",0,5,4,3,1,6,2,4,5,4,3,3,3,3,9,40,"weiblich",8,1,3,2,2,2,1.8,4,3,"high",NA,NA,NA,NA,NA,NA,NA,2.4649658753783608
372,"9ta6lotgudcy345f","2023-09-12T18:01:26Z","save",2,2,2,1,1,9,8,10,0,1,0,0,5,5,20,36,"männlich",10,4,5,5,5,0,2.8,9,2.666666666666667,"low",NA,NA,NA,NA,NA,NA,NA,2.4642626700585377
374,"278hp6mfb5f15l77","2023-09-12T18:07:18Z","save",4,2,4,2,3,5,4,4,2,2,2,2,2,2,8,34,"weiblich",7,4,4,3,3,3,3.8,4.333333333333333,2.5,"low",NA,NA,NA,NA,NA,NA,NA,2.144873072570393
375,"z8zelu71zz5y3hkd","2023-09-12T18:08:03Z","save",1,5,1,4,0,7,9,8,2,1,2,2,3,1,12,48,"weiblich",11,1,2,3,3,4,1,8,2.666666666666667,"low",NA,NA,NA,NA,NA,NA,NA,2.233231612526786
377,"0hszbdq3rysynnu7","2023-09-12T18:17:12Z","save",1,5,1,4,1,7,5,8,2,2,2,2,2,2,9,33,"männlich",11,1,2,3,3,3,1.2,6.666666666666667,2.5,"low",NA,NA,NA,NA,NA,NA,NA,2.326697678310523
379,"9le4v3e2uvh8b4y3","2023-09-12T18:18:38Z","save",0,4,0,5,0,9,9,8,1,1,4,4,2,4,15,53,"weiblich",9,2,1,1,1,1,0.6,8.666666666666666,1.166666666666667,"low",NA,NA,NA,NA,NA,NA,NA,2.2265756100248906
381,"4ay7x1wu380bz3ra","2023-09-12T18:25:54Z","save",3,3,3,3,4,5,3,5,4,3,4,3,4,3,10,34,"weiblich",10,3,3,1,2,2,3.2,4.333333333333333,2.666666666666667,"low",NA,NA,NA,NA,NA,NA,NA,2.2257662739232735
383,"22gx5rpox7s5bw38","2023-09-12T18:36:51Z","save",0,4,2,2,0,7,1,3,1,3,4,4,3,2,7,29,"weiblich",10,2,4,1,1,3,1.6,3.666666666666667,2,"low",NA,NA,NA,NA,NA,NA,NA,2.2249543780229875
385,"g9jwyvhgnaqtt5aq","2023-09-12T18:38:37Z","save",0,4,0,5,0,5,3,4,3,4,4,4,5,2,8,64,"männlich",11,2,1,1,1,3,0.6,4,2.833333333333333,"high",NA,NA,NA,NA,NA,NA,NA,2.3181609493806232
387,"x2gum7977pcrhj0v","2023-09-12T18:42:10Z","save",5,0,1,1,2,1,1,0,0,4,1,2,4,1,6,45,"männlich",6,6,5,4,3,4,3.8,0.666666666666667,3.166666666666667,"high",NA,NA,NA,NA,NA,NA,NA,1.9306478264704043
390,"6dxszdbv041c20vo","2023-09-12T18:55:38Z","save",6,0,4,1,1,6,6,6,5,5,0,0,5,0,13,47,"weiblich",13,6,5,5,5,5,4.4,6,5,"high",NA,NA,NA,NA,NA,NA,NA,2.1593830422997837
392,"oa31jh8exyzyfg7m","2023-09-12T19:12:11Z","save",0,1,1,2,0,5,5,6,4,4,0,2,1,2,10,61,"weiblich",12,5,4,5,3,3,2,5.333333333333333,3.333333333333333,"high",NA,NA,NA,NA,NA,NA,NA,2.3370170260950585
394,"9fl1sah6qbu0wkr5","2023-09-12T19:19:05Z","save",4,0,2,2,4,7,9,5,2,3,3,3,3,2,13,34,"männlich",9,6,4,2,2,3,4,7,2.5,"low",NA,NA,NA,NA,NA,NA,NA,2.2371553407444758
395,"9k2je2wqhqe1fx05","2023-09-12T19:22:03Z","save",6,2,3,1,5,2,6,2,5,5,3,2,5,1,5,33,"weiblich",10,4,5,2,3,4,4.6,3.333333333333333,4,"high",NA,NA,NA,NA,NA,NA,NA,2.236334288486986
398,"my3w5qf518413kn5","2023-09-12T19:25:12Z","save",0,6,0,6,0,8,5,5,1,1,4,4,1,2,7,62,"weiblich",8,0,0,1,1,3,0,6,1.333333333333333,"low",NA,NA,NA,NA,NA,NA,NA,2.04973450202132
400,"nh3f7eagq6cjwoc9","2023-09-12T19:29:11Z","save",0,5,0,3,0,5,5,3,5,5,3,0,5,1,10,60,"weiblich",13,1,3,2,5,4,0.8,4.333333333333333,4.333333333333333,"high",NA,NA,NA,NA,NA,NA,NA,2.2970145069777885
403,"t09xvgun3bh14seg","2023-09-12T19:57:11Z","save",1,5,1,4,3,6,6,7,4,4,1,1,4,1,12,20,"weiblich",10,1,2,4,4,4,1.6,6.333333333333333,4,"high",NA,NA,NA,NA,NA,NA,NA,2.296205088798391
405,"nqjqecyoqqqwjqt2","2023-09-12T20:02:35Z","save",0,0,0,6,0,7,2,7,4,0,1,4,5,0,4,30,"männlich",13,6,0,4,1,5,1.2,5.333333333333333,3.166666666666667,"high",NA,NA,NA,NA,NA,NA,NA,2.583910794773754
407,"kb0augxj5168gamu","2023-09-12T20:21:26Z","save",0,6,0,5,0,7,5,6,3,5,1,1,1,0,8,47,"weiblich",9,0,1,4,4,5,0.2,6,3.666666666666667,"high",NA,NA,NA,NA,NA,NA,NA,2.470372303431747
409,"n5gxdhd3ur7fhx8o","2023-09-12T20:29:10Z","save",1,2,2,3,1,6,4,3,2,3,2,3,2,3,12,28,"weiblich",11,4,3,3,2,2,2.2,4.333333333333333,2.333333333333333,"low",NA,NA,NA,NA,NA,NA,NA,2.5761957902350847
412,"bv8k6zgae2rfca5b","2023-09-12T20:37:50Z","save",0,4,3,3,0,6,0,3,5,5,3,0,4,4,17,31,"weiblich",13,2,3,2,5,1,1.6,3,3.666666666666667,"high",NA,NA,NA,NA,NA,NA,NA,2.9109280528709625
414,"l79ybz3lg8xfpwas","2023-09-12T21:10:40Z","save",0,4,0,4,0,7,7,7,2,2,3,3,2,3,6,25,"weiblich",6,2,2,2,2,2,0.8,7,2,"low",NA,NA,NA,NA,NA,NA,NA,2.395166146193565
416,"r8p8z1a5mv6abc7r","2023-09-12T21:50:03Z","save",0,6,0,5,0,8,3,7,2,2,4,3,2,4,10,56,"weiblich",7,0,1,1,2,1,0.2,6,1.666666666666667,"low",NA,NA,NA,NA,NA,NA,NA,2.095592033158297
417,"od295eoxzqsauj3a","2023-09-12T21:50:36Z","save",4,4,4,1,3,4,3,4,4,4,1,1,4,1,6,30,"weiblich",6,2,5,4,4,4,3.6,3.666666666666667,4,"high",NA,NA,NA,NA,NA,NA,NA,1.7668236142236344
418,"6nanjnkdwjucxakb","2023-09-12T22:49:04Z","save",3,3,2,5,2,4,3,4,1,3,3,3,3,3,12,34,"weiblich",13,3,1,2,2,2,2.2,3.666666666666667,2.166666666666667,"low",NA,NA,NA,NA,NA,NA,NA,1.9641272702880745
421,"6c89d6tjkbm9thp7","2023-09-13T05:22:15Z","save",0,6,0,6,0,10,10,10,0,0,5,5,4,5,14,53,"weiblich",9,0,0,0,0,0,0,10,0.666666666666667,"low",NA,NA,NA,NA,NA,NA,NA,1.8871301716494417
423,"pswybm2jqaq5q9r3","2023-09-13T05:52:02Z","save",0,6,4,5,0,10,7,8,2,3,3,3,3,2,20,67,"weiblich",7,0,1,2,2,3,1,8.333333333333334,2.5,"low",NA,NA,NA,NA,NA,NA,NA,1.6729976169232736
425,"kye9rty8x6bmq4go","2023-09-13T05:58:05Z","save",1,1,5,1,3,7,7,7,1,2,1,4,2,3,15,35,"männlich",11,5,5,4,1,2,3.8,7,2,"low",NA,NA,NA,NA,NA,NA,NA,1.7332085651297748
426,"1fuls0s3rt0upvxk","2023-09-13T06:01:11Z","save",3,4,1,5,1,8,8,8,4,4,1,1,4,1,15,36,"weiblich",14,2,1,4,4,4,1.6,8,4,"high",NA,NA,NA,NA,NA,NA,NA,1.987193942253969
427,"bnbs14b05qvg099s","2023-09-13T06:05:49Z","save",1,2,2,2,3,4,7,6,4,4,5,2,4,3,8,38,"weiblich",8,4,4,0,3,2,2.8,5.666666666666667,2.833333333333333,"high",NA,NA,NA,NA,NA,NA,NA,1.8337583317381447
428,"vkdovyg4t6hvb7ls","2023-09-13T06:09:26Z","save",4,2,3,3,2,5,3,3,4,4,3,3,3,3,10,23,"männlich",8,4,3,2,2,2,3.2,3.666666666666667,2.833333333333333,"high",NA,NA,NA,NA,NA,NA,NA,1.696396567214299
429,"r93m00bmkuk5clbq","2023-09-13T06:11:10Z","save",5,0,5,0,6,0,0,0,4,3,2,2,3,2,14,52,"männlich",13,6,6,3,3,3,5.6,0,3.166666666666667,"high",NA,NA,NA,NA,NA,NA,NA,1.880709161768724
432,"rq7tf4p99rh7k6wc","2023-09-13T06:32:49Z","save",0,1,1,1,1,2,3,3,1,1,2,2,2,2,10,56,"weiblich",8,5,5,3,3,3,2.4,2.666666666666667,2.166666666666667,"low",NA,NA,NA,NA,NA,NA,NA,1.7390262470266888
435,"zt4vz7g49j2va2rd","2023-09-13T07:29:02Z","save",1,5,0,5,0,10,10,10,1,1,3,4,2,4,17,33,"weiblich",17,1,1,2,1,1,0.6,10,1.333333333333333,"low",NA,NA,NA,NA,NA,NA,NA,2.1688168624572555
437,"r8vut83bjsxzctel","2023-09-13T07:35:21Z","save",0,6,0,6,0,8,7,8,3,3,2,3,3,2,17,37,"weiblich",13,0,0,3,2,3,0,7.666666666666667,2.833333333333333,"high",NA,NA,NA,NA,NA,NA,NA,2.420708934456248
438,"eeexdz7xgg9r40kr","2023-09-13T08:04:54Z","save",3,4,1,5,0,8,7,8,5,5,1,1,2,1,19,28,"weiblich",13,2,1,4,4,4,1.4,7.666666666666667,4,"high",NA,NA,NA,NA,NA,NA,NA,2.711748139916259
440,"hnt5vbmsm7ms1o83","2023-09-13T08:14:42Z","save",0,6,0,4,0,9,10,7,3,0,2,3,3,2,12,42,"weiblich",12,0,2,3,2,3,0.4,8.666666666666666,2.333333333333333,"low",NA,NA,NA,NA,NA,NA,NA,2.9376247011196313
441,"3h73na8dzzlc5zxq","2023-09-13T08:25:13Z","save",0,6,4,4,0,5,1,5,5,5,4,1,4,2,19,40,"männlich",5,0,2,1,4,3,1.2,3.666666666666667,3.666666666666667,"high",NA,NA,NA,NA,NA,NA,NA,2.3283729980786
442,"t902xebj5duqxob8","2023-09-13T08:37:54Z","save",2,3,1,3,0,6,3,5,4,4,3,2,4,2,7,36,"weiblich",8,3,3,2,3,3,1.8,4.666666666666667,3.333333333333333,"high",NA,NA,NA,NA,NA,NA,NA,2.145576365565971
443,"6bn9flrv15rtxs96","2023-09-13T08:38:10Z","save",0,5,1,6,0,8,8,8,3,3,3,2,2,3,13,56,"weiblich",10,1,0,2,3,2,0.4,8,2.5,"low",NA,NA,NA,NA,NA,NA,NA,2.1446988193428966
446,"84labypa4ty1us3l","2023-09-13T08:58:00Z","save",0,4,0,4,0,6,6,7,4,3,2,3,2,3,18,30,"weiblich",11,2,2,3,2,2,0.8,6.333333333333333,2.666666666666667,"low",NA,NA,NA,NA,NA,NA,NA,2.225987659835014
448,"enfeelfdbvyl3c9w","2023-09-13T09:10:26Z","save",4,0,3,0,3,7,6,8,3,3,3,3,3,3,15,49,"weiblich",13,6,6,2,2,2,4.4,7,2.5,"low",NA,NA,NA,NA,NA,NA,NA,2.4830628030403723
450,"37jckajsvcvzkbjt","2023-09-13T09:31:17Z","save",3,2,0,3,0,5,5,5,4,1,2,1,3,2,14,33,"weiblich",14,4,3,3,4,3,2,5,3,"high",NA,NA,NA,NA,NA,NA,NA,2.8761267980844405
451,"w2b8so3amh93bbc3","2023-09-13T09:41:39Z","save",1,3,2,2,0,4,3,6,3,4,2,1,3,2,15,24,"weiblich",13,3,4,3,4,3,2,4.333333333333333,3.333333333333333,"high",NA,NA,NA,NA,NA,NA,NA,3.2344598689204993
452,"cp7y8zjbprvuqoyd","2023-09-13T09:58:03Z","save",0,4,1,4,0,8,6,7,3,3,2,2,3,2,13,58,"weiblich",12,2,2,3,3,3,1,7,3,"high",NA,NA,NA,NA,NA,NA,NA,3.5135959509110175
457,"kb68u40mtw1a031q","2023-09-13T11:15:34Z","save",1,4,2,1,0,3,2,4,4,4,3,2,3,1,5,62,"männlich",9,2,5,2,3,4,2,3,3.333333333333333,"high",NA,NA,NA,NA,NA,NA,NA,3.3572917708500696
460,"2d01b9z38l9gdqne","2023-09-13T12:31:15Z","save",0,0,0,0,0,0,0,0,0,0,3,4,0,3,8,33,"weiblich",10,6,6,2,1,2,2.4,0,0.833333333333333,"low",NA,NA,NA,NA,NA,NA,NA,3.3567082826970576
463,"shg9ah5n17b52abn","2023-09-13T13:34:39Z","save",2,3,1,5,0,8,7,6,2,1,2,2,2,2,10,68,"weiblich",10,3,1,3,3,3,1.4,7,2.333333333333333,"low",NA,NA,NA,NA,NA,NA,NA,3.3561195236782253
464,"5teoka0st9wvcsz1","2023-09-13T14:54:28Z","save",0,0,5,1,5,2,2,2,3,4,1,0,0,2,8,46,"weiblich",11,6,5,4,5,3,4.2,2,3.166666666666667,"high",NA,NA,NA,NA,NA,NA,NA,3.5027699501694944
465,"dlb8xtaredf83n71","2023-09-13T16:04:32Z","save",0,3,0,4,0,3,3,4,2,2,5,2,2,3,8,32,"männlich",9,3,2,0,3,2,1,3.333333333333333,1.833333333333333,"low",NA,NA,NA,NA,NA,NA,NA,3.34685340454666
466,"b3m5b4hqar4g1mle","2023-09-13T18:07:12Z","save",2,2,2,4,2,3,3,4,5,5,5,3,1,2,7,31,"weiblich",8,4,2,0,2,3,2.4,3.333333333333333,2.666666666666667,"low",NA,NA,NA,NA,NA,NA,NA,3.0547645512631116
467,"y4rdwqh58r8zbtp2","2023-09-13T18:12:58Z","save",3,5,1,2,0,5,3,8,1,2,4,3,3,3,16,38,"weiblich",13,1,4,1,2,2,1.8,5.333333333333333,1.833333333333333,"low",NA,NA,NA,NA,NA,NA,NA,3.4415367363575036
471,"171eqwgo5wwyhcf3","2023-09-13T19:57:51Z","save",0,6,0,6,0,8,9,7,4,5,2,2,4,2,9,55,"weiblich",6,0,0,3,3,3,0,8,3.666666666666667,"high",NA,NA,NA,NA,NA,NA,NA,2.848373624510555
472,"mk3x9xgatv3g7zrv","2023-09-13T19:59:35Z","save",0,4,0,4,0,8,5,5,0,0,5,4,0,5,11,72,"weiblich",10,2,2,0,1,0,0.8,6,0.166666666666667,"low",NA,NA,NA,NA,NA,NA,NA,2.847620080993831
473,"lnyljvm5uxt5bnw5","2023-09-13T19:59:35Z","save",0,0,0,2,1,5,2,2,5,5,2,1,4,2,13,25,"weiblich",11,6,4,3,4,3,2.2,3,4,"high",NA,NA,NA,NA,NA,NA,NA,2.9647236973121713
475,"4f6p7fxby0l4nlbe","2023-09-14T01:44:12Z","save",2,2,2,2,2,3,2,2,2,2,2,2,2,2,10,37,"weiblich",6,4,4,3,3,3,2.8,2.333333333333333,2.5,"low",NA,NA,NA,NA,NA,NA,NA,2.478369770784863
477,"u2u0nhy8jp4bf201","2023-09-14T04:48:56Z","save",0,5,0,4,0,8,9,8,5,5,5,5,5,5,9,55,"männlich",11,1,2,0,0,0,0.6,8.333333333333334,2.5,"low",NA,NA,NA,NA,NA,NA,NA,2.5751590532918325
478,"6fpyjeqk8wmjvu5p","2023-09-14T04:50:19Z","save",3,4,4,4,3,3,3,2,4,3,2,4,2,3,12,60,"weiblich",10,2,2,3,1,2,2.8,2.666666666666667,2.5,"low",NA,NA,NA,NA,NA,NA,NA,2.574338140115767
483,"muc699jqlq8fgpfb","2023-09-14T08:51:47Z","save",3,5,4,6,2,2,2,2,2,2,4,3,2,4,10,36,"weiblich",10,1,0,1,2,1,2,2,1.666666666666667,"low",NA,NA,NA,NA,NA,NA,NA,2.5735153799606496
488,"ps4md640g2ngbo36","2023-09-14T12:55:58Z","save",0,5,1,4,0,6,6,8,2,4,3,0,2,2,13,33,"weiblich",13,1,2,2,5,3,0.8,6.666666666666667,3,"high",NA,NA,NA,NA,NA,NA,NA,2.879214232866953
490,"nk8pfusk158u96b4","2023-09-14T13:46:16Z","save",4,3,1,2,3,5,3,3,5,5,4,3,3,4,7,25,"weiblich",8,3,4,1,2,1,3,3.666666666666667,2.833333333333333,"high",NA,NA,NA,NA,NA,NA,NA,2.6425620920848236
1,"w9h43dxo5k59kysy","2023-11-02T12:46:57Z","save",3,3,4,5,3,8,7,7,4,2,2,3,2,2,10,22,"male",10,3,1,3,2,3,2.8,7.333333333333333,2.666666666666667,"low",NA,NA,NA,NA,NA,NA,NA,2.6417467537240356
3,"nl18cmsnee1fjr7j","2023-11-02T13:16:07Z","save",0,4,0,3,0,8,8,10,0,1,3,3,2,4,13,24,"female",9,2,3,2,2,1,1,8.666666666666666,1.333333333333333,"low",NA,NA,NA,NA,NA,NA,NA,2.5351732386361885
4,"6r7c0nxhbuy63sya","2023-11-02T13:17:33Z","save",4,3,5,2,2,5,3,10,4,5,3,1,3,1,10,25,"male",14,3,4,2,4,4,3.6,6,3.666666666666667,"high",NA,NA,NA,NA,NA,NA,NA,2.931510955222817
6,"34r8rnfk49brom96","2023-11-02T13:29:34Z","save",4,2,5,1,1,5,4,6,3,4,2,2,4,4,8,22,"männlich",8,4,5,3,3,1,3.8,5,3,"high",NA,NA,NA,NA,NA,NA,NA,2.6904303050062017
7,"es98k1kseu6o36yu","2023-11-02T13:34:46Z","save",1,4,0,4,0,7,5,8,2,2,2,3,3,3,10,22,"männlich",8,2,2,3,2,2,1,6.666666666666667,2.333333333333333,"low",NA,NA,NA,NA,NA,NA,NA,2.47516890753404
8,"bleuxvludlxn0fvr","2023-11-02T13:38:08Z","save",1,6,3,4,1,8,7,8,5,2,4,2,5,3,7,22,"male",10,0,2,1,3,2,1.4,7.666666666666667,3,"high",NA,NA,NA,NA,NA,NA,NA,2.474318454279187
10,"euq2gc2thqan549w","2023-11-02T13:47:57Z","save",0,5,5,1,0,8,6,6,3,3,1,1,4,1,10,23,"female",11,1,5,4,4,4,2.2,6.666666666666667,3.666666666666667,"high",NA,NA,NA,NA,NA,NA,NA,2.570220315906513
11,"g50a6z6l3tk6d7ux","2023-11-02T13:52:27Z","save",0,3,0,5,0,7,0,8,3,3,1,3,1,3,15,22,"männlich",9,3,1,4,2,2,0.8,5,2.5,"low",NA,NA,NA,NA,NA,NA,NA,2.4679628506411895
13,"wk85s5gsjjzpztxn","2023-11-02T13:53:14Z","save",0,5,5,3,1,6,6,4,3,1,2,1,3,1,7,21,"female",6,1,3,3,4,4,2,5.333333333333333,3,"high",NA,NA,NA,NA,NA,NA,NA,2.0903518233829796
16,"yte4dykw6mypyjwt","2023-11-02T13:57:22Z","save",1,5,5,3,1,8,7,7,5,5,2,1,4,3,9,22,"male",10,1,3,3,4,2,2.2,7.333333333333333,3.833333333333333,"high",NA,NA,NA,NA,NA,NA,NA,2.0894565216466217
17,"fvj6lywrsgznl3l8","2023-11-02T14:01:50Z","save",4,4,4,1,4,3,3,3,3,3,1,2,1,1,9,22,"männlich",9,2,5,4,3,4,3.8,3,3,"high",NA,NA,NA,NA,NA,NA,NA,2.011965869601788
19,"jdrab2n5d0a2n04j","2023-11-02T14:09:13Z","save",3,1,4,3,0,5,5,5,3,4,1,2,4,3,16,26,"weiblich",15,5,3,4,3,2,3,5,3.333333333333333,"high",NA,NA,NA,NA,NA,NA,NA,2.371502188904219
21,"szewe970qz5v59pd","2023-11-02T14:22:50Z","save",0,6,1,6,0,10,10,10,1,0,2,4,4,3,15,22,"male",11,0,0,3,1,2,0.2,10,1.833333333333333,"low",NA,NA,NA,NA,NA,NA,NA,2.4610621927175576
22,"nfe0t3zg7uzapngh","2023-11-02T14:30:36Z","save",1,1,4,6,3,0,0,0,1,3,5,2,4,4,6,22,"weiblich",6,5,0,0,3,1,2.6,0,2,"low",NA,NA,NA,NA,NA,NA,NA,2.089033276244184
23,"qqyx18z01ks5lzhe","2023-11-02T14:31:43Z","save",0,6,0,5,0,9,0,5,5,5,1,0,5,0,8,23,"weiblich",9,0,1,4,5,5,0.2,4.666666666666667,4.833333333333333,"high",NA,NA,NA,NA,NA,NA,NA,2.012463283296543
24,"k3zhr7dlz25x6gj5","2023-11-02T14:32:34Z","save",5,5,4,3,0,9,7,9,4,5,1,0,4,1,20,22,"weiblich",8,1,3,4,5,4,2.6,8.333333333333334,4.333333333333333,"high",NA,NA,NA,NA,NA,NA,NA,1.8683306680574925
25,"bzl3yvuv49vt35e9","2023-11-02T14:35:20Z","save",1,5,1,4,0,7,5,10,3,3,3,4,2,0,15,22,"female",6,1,2,2,1,5,1,7.333333333333333,2.666666666666667,"low",NA,NA,NA,NA,NA,NA,NA,1.6124688045174276
26,"ku30rzf37foosgey","2023-11-02T14:42:59Z","save",0,1,6,2,6,8,9,8,5,5,1,0,5,0,14,22,"weiblich",13,5,4,4,5,5,4.2,8.333333333333334,4.833333333333333,"high",NA,NA,NA,NA,NA,NA,NA,1.7712496193329679
28,"u9w0g5cpfkn73v8u","2023-11-02T14:46:16Z","save",0,5,1,5,0,7,5,5,5,5,1,0,5,0,5,21,"other",10,1,1,4,5,5,0.6,5.666666666666667,4.833333333333333,"high",NA,NA,NA,NA,NA,NA,NA,1.7703479718139254
29,"cwrx41mpxs7ra16t","2023-11-02T14:49:10Z","save",1,1,2,1,1,7,5,5,5,5,2,1,3,3,13,21,"male",12,5,5,3,4,2,2.8,5.666666666666667,3.666666666666667,"high",NA,NA,NA,NA,NA,NA,NA,1.8902733013909867
30,"1d1brwdm8szwquby","2023-11-02T14:49:51Z","save",0,5,4,2,0,8,9,7,1,1,3,2,1,2,18,22,"male",9,1,4,2,3,3,1.8,8,1.833333333333333,"low",NA,NA,NA,NA,NA,NA,NA,1.8237401454143054
31,"0u33ftfsvxvx8oj0","2023-11-02T14:54:11Z","save",0,4,5,4,0,8,3,6,5,5,1,2,4,1,12,19,"female",11,2,2,4,3,4,1.8,5.666666666666667,4.166666666666667,"high",NA,NA,NA,NA,NA,NA,NA,1.885710864102466
32,"ttxodo7j2osgcjjl","2023-11-02T14:54:36Z","save",0,6,4,6,5,7,8,9,1,1,4,4,3,4,20,20,"female",8,0,0,1,1,1,1.8,8,1.333333333333333,"low",NA,NA,NA,NA,NA,NA,NA,1.7545595214692273
34,"uewt90yckude60wj","2023-11-02T14:56:28Z","save",0,4,2,5,1,7,3,6,5,5,2,0,4,1,10,22,"männlich",11,2,1,3,5,4,1.2,5.333333333333333,4.333333333333333,"high",NA,NA,NA,NA,NA,NA,NA,1.8133034533997165
35,"gwzqtptm0vbsnd1w","2023-11-02T14:57:13Z","save",4,6,3,4,1,9,8,9,4,3,3,1,4,3,12,18,"female",9,0,2,2,4,2,2,8.666666666666666,3.166666666666667,"high",NA,NA,NA,NA,NA,NA,NA,1.7503555016142343
39,"jw1kduze6msvu32k","2023-11-02T15:12:57Z","save",1,5,5,5,2,2,2,2,1,1,2,1,4,2,12,18,"male",9,1,1,3,4,3,2,2,2.666666666666667,"low",NA,NA,NA,NA,NA,NA,NA,1.6903064165968453
40,"gxz2pao15xegk5ja","2023-11-02T15:22:42Z","save",6,1,3,1,3,6,6,4,2,4,1,1,4,1,12,19,"female",9,5,5,4,4,4,4.4,5.333333333333333,3.666666666666667,"high",NA,NA,NA,NA,NA,NA,NA,1.6329971052622319
44,"s43xxqvkqgwseewh","2023-11-02T15:54:20Z","save",3,1,4,4,2,3,3,6,3,4,3,1,2,3,12,24,"männlich",10,5,2,2,4,2,3.2,4,2.833333333333333,"high",NA,NA,NA,NA,NA,NA,NA,1.6321087034329032
45,"4tqzkodj6u5b0b7c","2023-11-02T15:55:13Z","save",1,5,5,2,1,6,8,6,1,2,4,4,1,3,12,22,"female",9,1,4,1,1,2,2.4,6.666666666666667,1.333333333333333,"low",NA,NA,NA,NA,NA,NA,NA,1.5773948842183763
46,"psdxv5j596g3gbp5","2023-11-02T16:03:21Z","save",0,6,1,5,0,7,8,8,1,1,3,2,1,3,15,60,"female",10,0,1,2,3,2,0.4,7.666666666666667,1.666666666666667,"low",NA,NA,NA,NA,NA,NA,NA,1.576512539915307
50,"cfh8nqugqfzujebg","2023-11-02T16:27:31Z","save",4,1,4,2,5,2,2,3,3,1,3,4,2,1,8,18,"male",7,5,4,2,1,4,4.4,2.333333333333333,2.166666666666667,"low",NA,NA,NA,NA,NA,NA,NA,1.4234051239663021
53,"105z9pn63mwv3p66","2023-11-02T17:10:18Z","save",6,1,0,2,5,3,2,3,4,4,1,1,5,1,10,19,"female",8,5,4,4,4,4,4,2.666666666666667,4.166666666666667,"high",NA,NA,NA,NA,NA,NA,NA,1.3340315251003803
55,"9zj4j9zkg14sows6","2023-11-02T17:29:29Z","save",4,5,1,4,0,6,6,6,2,3,3,0,2,3,10,19,"weiblich",12,1,2,2,5,2,1.6,6,2.666666666666667,"low",NA,NA,NA,NA,NA,NA,NA,1.4152199168181958
57,"0fmo3jxsc0ccod0s","2023-11-02T17:39:23Z","save",2,5,0,1,4,3,3,3,5,3,4,1,1,4,10,19,"female",11,1,5,1,4,1,2.4,3,2.5,"low",NA,NA,NA,NA,NA,NA,NA,1.458781910716637
61,"6k3q9mr8xoyouxb6","2023-11-02T18:04:33Z","save",4,2,0,5,0,6,9,7,2,3,4,2,4,5,6,19,"männlich",9,4,1,1,3,0,1.8,7.333333333333333,2.166666666666667,"low",NA,NA,NA,NA,NA,NA,NA,1.4119000573459708
62,"qty0mco75vrs939n","2023-11-02T18:08:11Z","save",0,2,3,3,0,5,4,4,3,5,1,2,5,0,12,20,"female",11,4,3,4,3,5,2,4.333333333333333,4.166666666666667,"high",NA,NA,NA,NA,NA,NA,NA,1.4553564144254207
67,"gq4eh1pwzolbch2d","2023-11-02T18:54:17Z","save",0,6,0,5,0,9,10,10,1,2,2,4,2,5,9,55,"female",9,0,1,3,1,0,0.2,9.666666666666666,1.5,"low",NA,NA,NA,NA,NA,NA,NA,1.4085923923245138
70,"dnyqdfapzk2epnuy","2023-11-02T19:33:40Z","save",0,1,3,1,0,9,5,7,4,4,1,1,5,1,10,31,"female",7,5,5,4,4,4,2.6,7,4.166666666666667,"high",NA,NA,NA,NA,NA,NA,NA,1.2777572566887943
75,"bv192fbxf0ytpu4c","2023-11-02T20:13:04Z","save",1,5,1,4,0,8,7,8,2,4,1,0,3,1,12,30,"male",12,1,2,4,5,4,1,7.666666666666667,3.666666666666667,"high",NA,NA,NA,NA,NA,NA,NA,1.3541307002902494
76,"a22vt0baawf2q66n","2023-11-02T20:25:14Z","save",3,3,2,2,0,8,9,9,0,1,4,4,2,4,12,46,"female",8,3,4,1,1,1,2.4,8.666666666666666,1,"low",NA,NA,NA,NA,NA,NA,NA,1.2709059444573243
77,"dvu8qwd3s8suool0","2023-11-02T20:28:38Z","save",1,0,6,0,6,2,2,2,5,5,1,1,4,1,10,19,"female",7,6,6,4,4,4,5,2,4.333333333333333,"high",NA,NA,NA,NA,NA,NA,NA,1.1578895266245626
78,"0cxz73r1efhrrw4z","2023-11-02T20:39:41Z","save",6,3,5,0,0,3,3,3,2,4,2,2,1,4,7,27,"female",11,3,6,3,3,1,4,3,2.333333333333333,"low",NA,NA,NA,NA,NA,NA,NA,1.1905451354763907
80,"dlkqbrll6085uknr","2023-11-02T21:07:56Z","save",0,6,1,2,0,8,8,8,2,2,3,4,1,4,12,55,"female",9,0,4,2,1,1,1,8,1.5,"low",NA,NA,NA,NA,NA,NA,NA,1.1552259480886495
82,"c6pndk53b0v65rb1","2023-11-02T22:02:55Z","save",5,4,5,1,3,3,3,4,5,4,1,3,2,2,13,18,"female",12,2,5,4,2,3,4,3.333333333333333,3.333333333333333,"high",NA,NA,NA,NA,NA,NA,NA,1.2213556506656214
83,"3g1c6u8wtlqlq7n1","2023-11-02T22:11:15Z","save",4,2,0,0,0,1,2,2,5,5,0,0,4,0,9,18,"female",9,4,6,5,5,5,2.8,1.666666666666667,4.833333333333333,"high",NA,NA,NA,NA,NA,NA,NA,1.1847703710190192
86,"ljj2rfvty945zb6j","2023-11-02T22:36:37Z","save",1,3,4,4,4,5,5,5,3,2,3,3,3,3,9,33,"male",9,3,2,2,2,2,2.8,5,2.333333333333333,"low",NA,NA,NA,NA,NA,NA,NA,1.1496805654545288
87,"gtp3ptqbey2zxqnr","2023-11-02T22:59:47Z","save",3,4,1,5,5,8,9,9,1,1,5,5,1,5,13,53,"male",11,2,1,0,0,0,2.4,8.666666666666666,0.5,"low",NA,NA,NA,NA,NA,NA,NA,1.1820551464186195
89,"2hptrd3e6j6bqrlt","2023-11-02T23:49:58Z","save",0,6,5,2,0,7,7,9,3,1,3,5,0,4,13,49,"female",9,0,4,2,0,1,1.8,7.666666666666667,1.166666666666667,"low",NA,NA,NA,NA,NA,NA,NA,1.147050726378019
91,"0hggog9qd3yv6onj","2023-11-03T00:58:11Z","save",3,3,2,1,2,7,3,4,5,4,1,5,5,0,15,32,"female",12,3,5,4,0,5,3,4.666666666666667,3.833333333333333,"high",NA,NA,NA,NA,NA,NA,NA,1.2126116942354033
92,"j2a126096gsgfubt","2023-11-03T02:06:43Z","save",2,2,2,2,2,5,4,5,2,1,4,4,1,4,10,56,"female",8,4,4,1,1,1,2.8,4.666666666666667,1.166666666666667,"low",NA,NA,NA,NA,NA,NA,NA,1.1413341927633451
95,"khh3b7s0wfryu2dp","2023-11-03T03:34:38Z","save",0,4,0,4,0,10,10,10,0,2,2,2,2,4,10,20,"female",10,2,2,3,3,1,0.8,10,1.833333333333333,"low",NA,NA,NA,NA,NA,NA,NA,1.1405479196484647
100,"frpaxhfzsmhgkmkz","2023-11-03T07:08:23Z","save",5,5,0,6,5,10,10,9,2,3,2,2,3,2,16,62,"female",14,1,0,3,3,3,2.2,9.666666666666666,2.833333333333333,"high",NA,NA,NA,NA,NA,NA,NA,1.2715324041596405
105,"78ev5a6c88zj0m9e","2023-11-03T07:44:55Z","save",1,2,2,1,2,6,5,5,3,3,0,0,4,2,10,38,"female",11,4,5,5,5,3,2.8,5.333333333333333,3.833333333333333,"high",NA,NA,NA,NA,NA,NA,NA,1.3087681725247098
107,"yojo7n6kgj0zgft0","2023-11-03T08:09:26Z","save",1,5,1,5,1,9,9,9,1,1,3,3,1,3,9,55,"female",9,1,1,2,2,2,1,9,1.5,"low",NA,NA,NA,NA,NA,NA,NA,1.2686415123820065
108,"2zrdvr0bljneweqn","2023-11-03T08:23:15Z","save",0,6,0,6,0,10,10,10,1,0,4,5,0,5,5,18,"female",4,0,0,1,0,0,0,10,0.333333333333333,"low",NA,NA,NA,NA,NA,NA,NA,1.0510382710777093
110,"txdfj82ren0nbw45","2023-11-03T09:36:03Z","save",0,6,1,3,2,6,7,8,5,3,0,1,2,0,18,52,"female",10,0,3,5,4,5,1.2,7,4,"high",NA,NA,NA,NA,NA,NA,NA,1.0502826077177971
111,"2cchl93yxdxmea4z","2023-11-03T09:57:04Z","save",1,4,4,4,1,6,1,6,5,5,1,0,3,2,16,21,"weiblich",10,2,2,4,5,3,2,4.333333333333333,4.166666666666667,"high",NA,NA,NA,NA,NA,NA,NA,1.0495286961336878
112,"5y0rydv6mp5d9ovh","2023-11-03T10:16:13Z","save",3,5,5,4,0,9,8,8,0,0,4,4,1,4,18,45,"female",9,1,2,1,1,1,2.2,8.333333333333334,0.666666666666667,"low",NA,NA,NA,NA,NA,NA,NA,1.020215615428824
115,"yhelab9u2lzrjfov","2023-11-03T10:54:17Z","save",0,2,3,1,3,6,4,6,5,5,0,0,0,0,17,52,"male",14,4,5,5,5,5,3,5.333333333333333,4.166666666666667,"high",NA,NA,NA,NA,NA,NA,NA,1.131016414409136
118,"1nzufn6u5bmgbj35","2023-11-03T11:25:22Z","save",4,3,2,3,4,8,6,6,5,3,2,2,4,2,12,22,"weiblich",10,3,3,3,3,3,3.2,6.666666666666667,3.5,"high",NA,NA,NA,NA,NA,NA,NA,1.1302461231790255
120,"23j7uaww0d2uz3oo","2023-11-03T11:30:27Z","save",0,6,0,6,0,0,0,0,1,2,3,4,3,5,10,58,"männlich",10,0,0,2,1,0,0,0,1.5,"low",NA,NA,NA,NA,NA,NA,NA,1.1294774916064405
124,"44oemuhymmudkdhh","2023-11-03T11:58:34Z","save",3,4,1,1,2,3,5,2,4,4,1,3,4,1,10,58,"männlich",11,2,5,4,2,4,2.6,3.333333333333333,3.666666666666667,"high",NA,NA,NA,NA,NA,NA,NA,1.1606256742944323
125,"1r2gfkzn3prnkvet","2023-11-03T12:06:25Z","save",1,5,1,4,0,5,5,9,2,3,3,3,2,2,20,47,"männlich",9,1,2,2,2,3,1,6.333333333333333,2.333333333333333,"low",NA,NA,NA,NA,NA,NA,NA,1.1269709945445736
127,"anlq4s7dpu713cup","2023-11-03T12:18:53Z","save",4,5,0,5,0,9,9,9,2,4,3,1,5,3,10,56,"female",8,1,1,2,4,2,1.2,9,3.166666666666667,"high",NA,NA,NA,NA,NA,NA,NA,1.0634844604940514
128,"sag6cl6cpf3h3fdf","2023-11-03T12:35:01Z","save",0,0,0,0,0,0,0,0,3,3,2,2,3,2,5,43,"weiblich",9,6,6,3,3,3,2.4,0,3,"high",NA,NA,NA,NA,NA,NA,NA,1.0336841858627877
129,"2nrglkt6xc8rmbsy","2023-11-03T12:58:25Z","save",3,5,4,3,4,7,7,7,1,1,3,3,3,3,15,57,"female",11,1,3,2,2,2,3,7,1.833333333333333,"low",NA,NA,NA,NA,NA,NA,NA,1.0611376307858302
130,"wpoamj9y51lb230b","2023-11-03T13:00:57Z","save",3,3,3,5,4,6,2,7,2,3,5,4,1,4,7,21,"weiblich",6,3,1,0,1,1,2.8,5,1.333333333333333,"low",NA,NA,NA,NA,NA,NA,NA,0.9470040823638866
131,"v5a0xq3vsn58bc8a","2023-11-03T13:03:02Z","save",0,0,0,6,0,10,0,10,0,0,5,5,1,5,13,56,"weiblich",13,6,0,0,0,0,1.2,6.666666666666667,0.166666666666667,"low",NA,NA,NA,NA,NA,NA,NA,1.0211701537856455
133,"8v7cy0mxr3c6uk44","2023-11-03T13:13:37Z","save",5,5,0,4,0,10,7,7,3,5,5,2,2,4,15,55,"weiblich",9,1,2,0,3,1,1.6,8,2.333333333333333,"low",NA,NA,NA,NA,NA,NA,NA,0.9931549930933095
135,"h4ar060gjubg69ba","2023-11-03T13:21:22Z","save",0,6,3,3,0,10,10,10,5,5,3,3,5,3,19,56,"female",14,0,3,2,2,2,1.2,10,3.5,"high",NA,NA,NA,NA,NA,NA,NA,1.0991626393619274
136,"lrc844fwj33ozmte","2023-11-03T13:32:17Z","save",0,3,3,3,4,6,5,8,0,0,4,4,3,3,16,53,"female",13,3,3,1,1,2,2.6,6.333333333333333,1.166666666666667,"low",NA,NA,NA,NA,NA,NA,NA,1.1902165365957647
137,"708zy5oj29ej6jk7","2023-11-03T13:37:39Z","save",2,2,6,1,4,3,2,3,5,5,3,2,4,2,10,22,"männlich",11,4,5,2,3,3,4.2,2.666666666666667,3.666666666666667,"high",NA,NA,NA,NA,NA,NA,NA,1.2234408102523469
138,"rl58pj2hkggwk3vz","2023-11-03T13:49:52Z","save",3,3,3,1,3,2,2,2,2,2,2,3,5,3,10,53,"weiblich",11,3,5,3,2,2,3.4,2,2.666666666666667,"low",NA,NA,NA,NA,NA,NA,NA,1.258000327098133
140,"zb0qqxoz6c5hbrts","2023-11-03T13:55:23Z","save",3,4,2,2,3,7,7,7,4,3,1,1,3,2,12,22,"weiblich",10,2,4,4,4,3,2.8,7,3.5,"high",NA,NA,NA,NA,NA,NA,NA,1.2572204515469403
141,"z8hgaz8xm57lg9zm","2023-11-03T13:57:31Z","save",5,5,4,5,2,10,9,8,1,0,5,5,0,3,8,41,"female",10,1,1,0,0,2,2.6,9,0.5,"low",NA,NA,NA,NA,NA,NA,NA,1.2564420493222823
143,"s1eplxlcvmkg2g3r","2023-11-03T14:02:05Z","save",0,6,0,4,0,5,5,5,4,4,2,3,3,2,8,19,"männlich",8,0,2,3,2,3,0.4,5,3.166666666666667,"high",NA,NA,NA,NA,NA,NA,NA,1.1832239561308102
144,"78hnrb7dsf4rs44v","2023-11-03T14:16:01Z","save",0,5,0,5,0,8,8,8,1,1,3,5,0,3,9,50,"female",9,1,1,2,0,2,0.4,8,1,"low",NA,NA,NA,NA,NA,NA,NA,1.1489816710646918
148,"kc2ryyry6wg7stho","2023-11-03T14:43:20Z","save",1,4,1,6,1,10,9,9,4,3,2,2,1,3,10,62,"female",9,2,0,3,3,2,1,9.333333333333334,2.666666666666667,"low",NA,NA,NA,NA,NA,NA,NA,1.1160890901791516
150,"v3cpadc0jk0jsznl","2023-11-03T14:57:48Z","save",3,2,4,2,4,4,6,5,1,1,2,3,1,1,10,22,"male",9,4,4,3,2,4,3.8,5,2,"low",NA,NA,NA,NA,NA,NA,NA,1.0844820798735755
152,"uk9jx598rzo7xgmr","2023-11-03T15:09:34Z","save",3,1,5,3,4,6,4,6,3,2,1,1,5,1,9,19,"female",10,5,3,4,4,4,4,5.333333333333333,3.666666666666667,"high",NA,NA,NA,NA,NA,NA,NA,1.0837522815340805
153,"szjso36d4cdo0hu4","2023-11-03T15:15:26Z","save",0,4,3,4,0,6,6,6,4,3,1,1,4,1,15,47,"female",12,2,2,4,4,4,1.4,6,3.833333333333333,"high",NA,NA,NA,NA,NA,NA,NA,1.1430354426331677
154,"ptf8atkhopcbtb68","2023-11-03T15:15:46Z","save",0,4,1,3,5,8,6,7,4,3,2,3,1,3,11,50,"male",9,2,3,3,2,2,2.2,7,2.5,"low",NA,NA,NA,NA,NA,NA,NA,1.1103531775917144
155,"3tx98zjzcqzwfuwd","2023-11-03T15:22:24Z","save",3,3,2,4,1,8,7,9,5,5,4,4,4,4,15,22,"männlich",10,3,2,1,1,1,2.2,8,2.833333333333333,"high",NA,NA,NA,NA,NA,NA,NA,1.1096205172662195
156,"gcayagm7lsaebnrz","2023-11-03T15:33:29Z","save",1,5,4,3,0,6,6,6,1,2,3,3,2,2,10,44,"female",9,1,3,2,2,3,1.8,6,2,"low",NA,NA,NA,NA,NA,NA,NA,1.0782238957104637
157,"n3srypuuh21htcfp","2023-11-03T15:33:42Z","save",3,3,3,1,3,6,4,1,2,3,2,2,3,3,8,22,"weiblich",6,3,5,3,3,2,3.4,3.666666666666667,2.666666666666667,"low",NA,NA,NA,NA,NA,NA,NA,0.9622097499525087
158,"nh1w2l945gv6ayyu","2023-11-03T15:34:09Z","save",2,1,4,1,0,3,3,3,4,3,1,1,4,5,2,19,"female",6,5,5,4,4,0,3.2,3,3.166666666666667,"high",NA,NA,NA,NA,NA,NA,NA,0.8639114282349659
159,"03v1os5whyn09592","2023-11-03T15:49:02Z","save",0,6,1,1,1,3,2,1,3,3,3,4,2,2,8,29,"männlich",10,0,5,2,1,3,1.4,2,2.333333333333333,"low",NA,NA,NA,NA,NA,NA,NA,0.8632605953944825
160,"60ussxeqeej1ogwm","2023-11-03T16:27:02Z","save",5,6,0,4,0,10,8,9,2,3,4,2,1,5,10,27,"weiblich",9,0,2,1,3,0,1.4,9,1.666666666666667,"low",NA,NA,NA,NA,NA,NA,NA,0.8413200545692405
163,"vclrd1qm6k5gyfc8","2023-11-03T17:48:46Z","save",0,4,1,1,1,8,4,5,4,4,1,1,4,2,15,21,"female",14,2,5,4,4,3,1.8,5.666666666666667,3.833333333333333,"high",NA,NA,NA,NA,NA,NA,NA,0.9245757309228984
165,"8rd18kyqkqapadrw","2023-11-03T18:33:02Z","save",0,5,0,5,0,10,10,10,1,1,5,5,5,5,16,28,"männlich",12,1,1,0,0,0,0.4,10,1.166666666666667,"low",NA,NA,NA,NA,NA,NA,NA,0.971442894440874
170,"e2gky8nx0dh0gmsp","2023-11-03T19:57:41Z","save",0,6,0,6,0,8,8,8,1,4,3,1,3,2,14,60,"männlich",9,0,0,2,4,3,0,8,2.833333333333333,"high",NA,NA,NA,NA,NA,NA,NA,0.9456254654696397
171,"tg6xff2ta8mwat28","2023-11-03T20:08:26Z","save",0,5,1,5,0,10,7,7,1,1,3,4,3,4,20,58,"female",6,1,1,2,1,1,0.6,8,1.5,"low",NA,NA,NA,NA,NA,NA,NA,0.8503294492630937
173,"6x72pwzkaypm11s3","2023-11-03T20:33:28Z","save",2,5,1,6,0,4,3,7,3,4,1,1,4,2,7,20,"female",7,1,0,4,4,3,0.8,4.666666666666667,3.666666666666667,"high",NA,NA,NA,NA,NA,NA,NA,0.7885370963816353
174,"xp2bvoadojq5ez4d","2023-11-03T20:47:29Z","save",4,1,2,1,3,2,4,5,5,5,1,1,4,1,9,22,"männlich",15,5,5,4,4,4,3.8,3.666666666666667,4.333333333333333,"high",NA,NA,NA,NA,NA,NA,NA,0.8828835971302706
177,"bms0yy9krnw3hvym","2023-11-03T21:48:27Z","save",2,6,4,4,1,3,3,4,4,4,1,1,4,1,10,48,"female",8,0,2,4,4,4,1.8,3.333333333333333,4,"high",NA,NA,NA,NA,NA,NA,NA,0.8391763772131661
178,"6zu12tas0vyytjgr","2023-11-03T21:49:01Z","save",3,2,2,0,4,3,3,3,2,3,2,2,3,2,20,32,"female",14,4,6,3,3,3,3.8,3,2.833333333333333,"high",NA,NA,NA,NA,NA,NA,NA,0.9208520717220903
181,"rd3m6a3bmyk4jmfe","2023-11-03T23:25:59Z","save",0,5,0,6,0,10,10,10,2,2,3,3,1,4,11,60,"female",11,1,0,2,2,1,0.2,10,1.666666666666667,"low",NA,NA,NA,NA,NA,NA,NA,0.9433754536821279
182,"uhjx0p8o4tnt2cdm","2023-11-03T23:38:51Z","save",5,6,0,6,1,10,10,10,0,0,5,5,2,5,6,50,"female",8,0,0,0,0,0,1.2,10,0.333333333333333,"low",NA,NA,NA,NA,NA,NA,NA,0.8955055427971587
184,"of7acevk132ast5h","2023-11-04T00:24:41Z","save",0,4,0,6,0,10,10,10,0,0,5,4,1,5,7,43,"female",7,2,0,0,1,0,0.4,10,0.333333333333333,"low",NA,NA,NA,NA,NA,NA,NA,0.829673762659414
186,"9upl4mp9n1wxguy5","2023-11-04T02:16:55Z","save",0,6,5,4,0,10,7,10,5,3,4,4,4,3,12,50,"female",9,0,2,1,1,2,1.4,9,2.666666666666667,"low",NA,NA,NA,NA,NA,NA,NA,0.8093456065801977
188,"9yznyrxs2sy4ggv5","2023-11-04T06:57:58Z","save",1,3,0,4,0,8,5,6,3,4,1,1,3,1,10,56,"männlich",10,3,2,4,4,4,1.2,6.333333333333333,3.666666666666667,"high",NA,NA,NA,NA,NA,NA,NA,0.8087337358475319
190,"3xx64ys233apsq5k","2023-11-04T09:07:10Z","save",4,3,1,4,1,8,7,7,3,3,3,2,2,3,9,30,"männlich",10,3,2,2,3,2,2.2,7.333333333333333,2.5,"low",NA,NA,NA,NA,NA,NA,NA,0.808123383178706
191,"5r30c0vrc6fw5f5d","2023-11-04T09:54:13Z","save",0,2,0,3,0,4,6,3,4,4,4,2,4,2,9,45,"weiblich",11,4,3,1,3,3,1.4,4.333333333333333,3.166666666666667,"high",NA,NA,NA,NA,NA,NA,NA,0.8267426672473583
192,"6ejo0o13o9sjt3r8","2023-11-04T09:54:47Z","save",0,5,3,3,0,9,8,8,4,4,3,2,3,5,12,55,"female",13,1,3,2,3,0,1.4,8.333333333333334,2.666666666666667,"low",NA,NA,NA,NA,NA,NA,NA,0.8862363749850736
193,"63cr1nqe77ml0v3v","2023-11-04T10:05:40Z","save",4,4,4,4,4,10,5,10,4,4,4,4,3,4,15,35,"männlich",11,2,2,1,1,1,3.2,8.333333333333334,2.333333333333333,"low",NA,NA,NA,NA,NA,NA,NA,0.9075244801561272
194,"s66l4zagfpbc928c","2023-11-04T10:15:45Z","save",1,3,5,3,0,8,4,6,1,1,2,2,2,3,16,22,"female",10,3,3,3,3,2,2.4,6,2,"low",NA,NA,NA,NA,NA,NA,NA,0.9068833621153088
195,"deptovfw1smdmd65","2023-11-04T10:16:32Z","save",0,2,1,0,0,10,5,8,4,3,0,1,5,0,10,17,"female",11,4,6,5,4,5,2.2,7.666666666666667,4.333333333333333,"high",NA,NA,NA,NA,NA,NA,NA,0.9289231021462506
196,"um5opn1umkklyt1l","2023-11-04T10:16:59Z","save",4,4,2,4,2,7,5,7,3,3,3,3,3,3,12,29,"männlich",7,2,2,2,2,2,2.4,6.333333333333333,2.5,"low",NA,NA,NA,NA,NA,NA,NA,0.8595336511734624
199,"v0zvlsqxbosgn8cy","2023-11-04T11:20:30Z","save",0,5,5,5,0,10,10,10,4,4,4,4,4,5,7,40,"weiblich",11,1,1,1,1,0,1.4,10,2.333333333333333,"low",NA,NA,NA,NA,NA,NA,NA,0.8798947171881634
200,"nf8bw4gp7awu069f","2023-11-04T11:30:48Z","save",1,4,2,2,0,3,3,4,3,3,2,3,1,2,13,22,"male",10,2,4,3,2,3,1.8,3.333333333333333,2.5,"low",NA,NA,NA,NA,NA,NA,NA,0.8792682032925951
202,"5zhmrm35ucmhgf8m","2023-11-04T11:54:09Z","save",2,2,3,4,0,8,7,9,2,4,2,2,1,3,14,30,"male",13,4,2,3,3,2,2.2,8,2.5,"low",NA,NA,NA,NA,NA,NA,NA,0.944197071066537
203,"3uqyvroe6foveaf8","2023-11-04T11:54:29Z","save",0,6,0,6,0,10,10,10,0,0,5,5,0,5,10,45,"female",10,0,0,0,0,0,0,10,0,"low",NA,NA,NA,NA,NA,NA,NA,0.9435510874460491
204,"qxqzg9j5667rgqdj","2023-11-04T12:04:36Z","save",3,4,6,3,1,4,5,5,3,2,3,4,2,3,15,29,"male",10,2,3,2,1,2,3,4.666666666666667,2,"low",NA,NA,NA,NA,NA,NA,NA,0.942906536582123
205,"vr123y9x4pfynefw","2023-11-04T12:07:55Z","save",4,3,3,3,0,5,5,5,3,3,3,3,2,2,18,20,"male",9,3,3,2,2,3,2.6,5,2.5,"low",NA,NA,NA,NA,NA,NA,NA,0.9185509948759041
207,"j2cdn2re12qje4wy","2023-11-04T12:58:13Z","save",6,6,3,3,4,10,4,8,5,0,4,4,2,5,10,25,"weiblich",8,0,3,1,1,0,3.2,7.333333333333333,1.5,"low",NA,NA,NA,NA,NA,NA,NA,0.8725111318937588
211,"jq54njuxeepu12q1","2023-11-04T14:12:32Z","save",0,5,2,3,0,6,4,8,4,5,2,2,3,2,10,48,"female",13,1,3,3,3,3,1.2,6,3.5,"high",NA,NA,NA,NA,NA,NA,NA,0.936715022810159
215,"lf98v1r0s7df8dek","2023-11-04T16:19:34Z","save",0,5,3,2,2,7,5,7,5,5,0,0,1,0,4,56,"female",10,1,4,5,5,5,2,6.333333333333333,4.333333333333333,"high",NA,NA,NA,NA,NA,NA,NA,0.9360775612634618
219,"lh2p91pdc59jxwks","2023-11-04T17:29:41Z","save",0,5,2,4,0,8,8,8,2,2,4,4,3,3,17,55,"female",9,1,2,1,1,2,1,8,1.833333333333333,"low",NA,NA,NA,NA,NA,NA,NA,0.9119977206568762
222,"zz4zp4ql4ugs8gf8","2023-11-04T18:20:29Z","save",0,6,2,5,0,10,10,10,4,5,2,3,4,4,20,37,"male",9,0,1,3,2,1,0.6,10,3.166666666666667,"high",NA,NA,NA,NA,NA,NA,NA,0.8887744611238506
225,"eaym5fx66pdorczo","2023-11-05T03:44:21Z","save",0,6,0,4,0,8,9,9,2,2,3,3,3,4,13,55,"female",8,0,2,2,2,1,0.4,8.666666666666666,2,"low",NA,NA,NA,NA,NA,NA,NA,0.8448731155301065
226,"g8kf82rslk1jfgjp","2023-11-05T05:02:37Z","save",1,5,3,5,1,8,8,8,2,2,3,3,2,4,7,45,"male",8,1,1,2,2,1,1.4,8,1.833333333333333,"low",NA,NA,NA,NA,NA,NA,NA,0.8040494698234983
227,"2g4t0ve7wd0xc93s","2023-11-05T07:24:24Z","save",2,5,1,3,4,9,10,10,4,5,3,5,4,5,10,40,"female",12,1,3,2,0,0,2.2,9.666666666666666,2.5,"low",NA,NA,NA,NA,NA,NA,NA,0.8417685249279349
228,"k3t3gtb28vwk21xw","2023-11-05T08:15:44Z","save",4,3,3,2,0,10,7,10,1,1,4,4,4,4,15,27,"female",13,3,4,1,1,1,2.8,9,1.5,"low",NA,NA,NA,NA,NA,NA,NA,0.9026972201139615
230,"mqm0f39wruaa5zoa","2023-11-05T08:26:08Z","save",5,3,3,1,0,5,4,7,3,3,2,5,0,1,11,29,"male",9,3,5,3,0,4,3.2,5.333333333333333,2.166666666666667,"low",NA,NA,NA,NA,NA,NA,NA,0.8798649455213986
232,"6lxr0o1x8cv7btj1","2023-11-05T08:49:22Z","save",0,6,3,2,0,5,5,7,5,5,0,1,5,1,5,30,"male",7,0,4,5,4,4,1.4,5.666666666666667,4.666666666666667,"high",NA,NA,NA,NA,NA,NA,NA,0.8158873136446063
234,"8rrcqj82dkx4q6uz","2023-11-05T08:55:39Z","save",5,2,4,2,5,7,6,6,5,5,1,1,4,1,15,29,"male",9,4,4,4,4,4,4.4,6.333333333333333,4.333333333333333,"high",NA,NA,NA,NA,NA,NA,NA,0.7961165653773422
235,"9kkk1p34961j8zl0","2023-11-05T08:56:17Z","save",0,6,1,5,0,10,10,10,1,0,5,5,5,5,12,30,"female",11,0,1,0,0,0,0.4,10,1,"low",NA,NA,NA,NA,NA,NA,NA,0.8142836511166823
237,"4ah5cn4ouc784623","2023-11-05T09:10:17Z","save",0,6,6,3,0,6,6,6,1,1,4,4,2,4,10,30,"male",11,0,3,1,1,1,1.8,6,1.166666666666667,"low",NA,NA,NA,NA,NA,NA,NA,0.8330701670835956
240,"6ocx00j9akrqykpb","2023-11-05T09:35:51Z","save",0,3,0,4,0,6,6,7,0,3,3,0,4,4,13,30,"male",11,3,2,2,5,1,1,6.333333333333333,2.5,"low",NA,NA,NA,NA,NA,NA,NA,0.8525020667616495
242,"ox98m0uwpny762lj","2023-11-05T10:17:31Z","save",0,5,0,5,0,4,2,5,0,0,4,5,0,5,14,30,"male",12,1,1,1,0,0,0.4,3.666666666666667,0.166666666666667,"low",NA,NA,NA,NA,NA,NA,NA,0.8934768246142996
243,"e7vrjxgmhavd7dbm","2023-11-05T10:20:12Z","save",4,3,5,4,4,4,4,4,5,5,4,2,4,3,5,26,"weiblich",4,3,2,1,3,2,3.6,4,3.333333333333333,"high",NA,NA,NA,NA,NA,NA,NA,0.7667717248440806
244,"m93h49qe9eumvfzk","2023-11-05T10:44:51Z","save",4,2,3,4,1,9,7,8,5,5,0,0,1,0,10,27,"female",8,4,2,5,5,5,2.8,8,4.333333333333333,"high",NA,NA,NA,NA,NA,NA,NA,0.731631985429473
245,"qfaafklta6rcyyck","2023-11-05T11:17:51Z","save",0,4,4,2,0,6,5,5,1,1,3,3,1,3,10,30,"female",10,2,4,2,2,2,2,5.333333333333333,1.5,"low",NA,NA,NA,NA,NA,NA,NA,0.7310891561054262
246,"yfm5bs577th0txj8","2023-11-05T11:45:06Z","save",0,6,5,4,1,8,6,7,5,5,2,2,4,2,9,30,"male",13,0,2,3,3,3,1.6,7,3.833333333333333,"high",NA,NA,NA,NA,NA,NA,NA,0.7803726300885453
247,"3ds8bo7m27eeog03","2023-11-05T12:32:53Z","save",1,5,3,2,1,6,6,6,2,2,1,2,3,2,7,30,"male",7,1,4,4,3,3,2,6,2.833333333333333,"high",NA,NA,NA,NA,NA,NA,NA,0.7270677051223323
251,"aclneeca8vkwc2zg","2023-11-05T14:06:35Z","save",4,0,0,4,4,3,3,5,1,0,1,1,0,1,7,43,"female",13,6,2,4,4,4,3.2,3.666666666666667,2.166666666666667,"low",NA,NA,NA,NA,NA,NA,NA,0.7758068223856582
255,"dquvjop14hpr48u5","2023-11-05T17:48:06Z","save",3,3,3,1,4,7,6,7,4,3,4,4,2,4,10,63,"männlich",12,3,5,1,1,1,3.6,6.666666666666667,2,"low",NA,NA,NA,NA,NA,NA,NA,0.8111072859458139
256,"882zac01a19po8s6","2023-11-05T18:23:12Z","save",4,2,5,1,1,3,1,3,3,2,4,4,1,4,7,53,"female",8,4,5,1,1,1,3.8,2.333333333333333,1.5,"low",NA,NA,NA,NA,NA,NA,NA,0.773186344422534
257,"qg6mab1zvjutzrv2","2023-11-05T18:30:36Z","save",0,6,0,5,0,10,10,10,0,0,5,5,4,5,20,44,"female",11,0,1,0,0,0,0.2,10,0.666666666666667,"low",NA,NA,NA,NA,NA,NA,NA,0.7903796800831029
262,"b97scxnjze6x3nln","2023-11-05T18:52:59Z","save",0,4,2,5,0,10,10,10,3,2,3,2,3,3,10,43,"female",9,2,1,2,3,2,1,10,2.5,"low",NA,NA,NA,NA,NA,NA,NA,0.7717064422150629
264,"2013v32gm8fm37h9","2023-11-05T19:12:29Z","save",0,6,5,6,0,9,2,8,0,0,3,1,1,4,15,56,"männlich",13,0,0,2,4,1,1,6.333333333333333,1.333333333333333,"low",NA,NA,NA,NA,NA,NA,NA,0.8247470153866044
265,"m3fy7sh62ulyexo8","2023-11-05T19:26:42Z","save",3,5,2,3,1,8,5,6,1,1,2,4,3,4,12,15,"weiblich",10,1,3,3,1,1,2,6.333333333333333,1.666666666666667,"low",NA,NA,NA,NA,NA,NA,NA,0.8241773643410165
268,"nvp13vxz1ldukq2w","2023-11-05T20:45:32Z","save",4,5,3,5,4,8,9,8,3,3,3,1,2,2,7,38,"male",7,1,1,2,4,3,2.6,8.333333333333334,2.833333333333333,"high",NA,NA,NA,NA,NA,NA,NA,0.7667242579358771
273,"0xknqlat899whjtv","2023-11-06T08:36:38Z","save",5,6,0,6,0,10,7,9,2,2,3,3,2,3,10,58,"weiblich",12,0,0,2,2,2,1,8.666666666666666,2,"low",NA,NA,NA,NA,NA,NA,NA,0.8013527955898526
276,"5mfoxkrphlmht8ck","2023-11-06T10:12:58Z","save",0,2,0,6,0,10,10,10,3,3,4,3,1,4,13,50,"männlich",10,4,0,1,2,1,0.8,10,1.833333333333333,"low",NA,NA,NA,NA,NA,NA,NA,0.800795143864041
278,"2bgtdlaqsmt43oke","2023-11-06T10:37:32Z","save",0,6,4,5,1,8,8,8,1,2,3,3,4,3,14,45,"female",13,0,1,2,2,2,1.2,8,2.166666666666667,"low",NA,NA,NA,NA,NA,NA,NA,0.8566047431350651
279,"y6zcqp88g3919h0m","2023-11-06T10:56:44Z","save",2,6,2,2,1,10,10,10,5,5,0,0,5,0,10,40,"female",7,0,4,5,5,5,1.8,10,5,"high",NA,NA,NA,NA,NA,NA,NA,0.7960513919708139
284,"kn3srlzmoqbn020k","2023-11-06T11:55:48Z","save",2,4,3,2,4,4,3,7,5,4,2,1,4,1,10,22,"männlich",7,2,4,3,4,4,3,4.666666666666667,4,"high",NA,NA,NA,NA,NA,NA,NA,0.741628505157407
285,"d9ogr7mnap3qs3jp","2023-11-06T12:07:52Z","save",0,2,5,1,5,3,4,4,3,3,1,1,4,1,8,22,"male",8,4,5,4,4,4,3.8,3.666666666666667,3.666666666666667,"high",NA,NA,NA,NA,NA,NA,NA,0.7085001265837799
288,"aknhsvysn5zs3qp6","2023-11-06T12:18:59Z","save",5,3,4,1,2,7,5,4,2,1,2,4,3,2,8,22,"female",9,3,5,3,1,3,3.8,5.333333333333333,2.166666666666667,"low",NA,NA,NA,NA,NA,NA,NA,0.6926327963479293
293,"ek5t5hssd4qte1yv","2023-11-06T12:53:51Z","save",3,4,5,4,1,6,10,9,4,4,2,1,4,5,10,21,"weiblich",8,2,2,3,4,0,2.6,8.333333333333334,3.166666666666667,"high",NA,NA,NA,NA,NA,NA,NA,0.662628952923641
294,"rnej1nzbw5nsrapx","2023-11-06T12:57:33Z","save",3,5,3,2,2,8,8,8,3,3,3,3,3,3,6,22,"female",8,1,4,2,2,2,2.6,8,2.5,"low",NA,NA,NA,NA,NA,NA,NA,0.6345111288997896
296,"97zd1fp1berx2ok4","2023-11-06T13:49:57Z","save",3,6,2,4,4,3,1,3,5,5,0,1,1,0,5,21,"female",8,0,2,5,4,5,2.2,2.333333333333333,4.166666666666667,"high",NA,NA,NA,NA,NA,NA,NA,0.6081331155033727
297,"fbgkaol1m6nh0z4c","2023-11-06T14:05:26Z","save",0,1,1,6,1,7,1,8,1,2,4,4,4,4,12,58,"männlich",6,5,0,1,1,1,1.4,5.333333333333333,1.666666666666667,"low",NA,NA,NA,NA,NA,NA,NA,0.5599101595013477
298,"oby3edl3050dc14d","2023-11-06T14:30:55Z","save",1,1,3,1,3,3,5,3,3,5,3,3,3,4,6,16,"weiblich",11,5,5,2,2,1,3.4,3.666666666666667,2.666666666666667,"low",NA,NA,NA,NA,NA,NA,NA,0.570425117335921
299,"zpexsgevg7ep61tx","2023-11-06T14:44:56Z","save",0,6,0,6,0,9,7,9,0,1,3,3,2,3,17,56,"weiblich",12,0,0,2,2,2,0,8.333333333333334,1.5,"low",NA,NA,NA,NA,NA,NA,NA,0.5926676602175821
300,"1tba80hwmrxky7b0","2023-11-06T14:46:21Z","save",0,4,1,0,0,7,5,5,3,3,1,1,3,1,10,58,"male",11,2,6,4,4,4,1.8,5.666666666666667,3.5,"high",NA,NA,NA,NA,NA,NA,NA,0.604136369321208
301,"87f2zxc09mwvb17v","2023-11-06T15:00:37Z","save",2,2,3,0,0,1,1,1,3,3,1,3,2,1,3,22,"männlich",8,4,6,4,2,4,3,1,3,"high",NA,NA,NA,NA,NA,NA,NA,0.5796654759493025
305,"a5mvk7av4usshwa7","2023-11-06T15:45:55Z","save",0,3,2,5,1,6,2,7,4,4,2,1,2,1,11,56,"männlich",11,3,1,3,4,4,1.4,5,3.5,"high",NA,NA,NA,NA,NA,NA,NA,0.590758723346955
310,"thja2et73hsz0v4y","2023-11-06T17:21:19Z","save",0,3,0,5,0,6,8,9,4,3,2,1,5,4,8,20,"female",12,3,1,3,4,1,0.8,7.666666666666667,3.333333333333333,"high",NA,NA,NA,NA,NA,NA,NA,0.6142074289411864
311,"zzlhga1q4e3b2dbz","2023-11-06T17:35:44Z","save",0,6,0,6,0,10,0,10,0,0,5,5,0,5,4,28,"weiblich",4,0,0,0,0,0,0,6.666666666666667,0,"low",NA,NA,NA,NA,NA,NA,NA,0.5426032799546112
315,"fxl5ok0l7vnwc8wv","2023-11-06T19:15:33Z","save",5,3,6,1,1,4,4,5,1,4,2,1,1,3,14,39,"male",10,3,5,3,4,2,4,4.333333333333333,2.5,"low",NA,NA,NA,NA,NA,NA,NA,0.5421752454435309
316,"60p0cx6zael90wl3","2023-11-06T19:28:48Z","save",2,5,2,3,0,10,7,7,1,1,2,3,3,2,14,29,"male",14,1,3,3,2,3,1.6,8,2.166666666666667,"low",NA,NA,NA,NA,NA,NA,NA,0.5840474114474838
317,"xap88vfxrj5rfhmh","2023-11-06T20:57:20Z","save",3,4,1,2,1,5,6,6,3,3,1,3,2,2,15,22,"female",12,2,4,4,2,3,2.2,5.666666666666667,2.833333333333333,"high",NA,NA,NA,NA,NA,NA,NA,0.6068633944007857
318,"458y0lvklzya5klt","2023-11-06T22:57:28Z","save",0,6,0,6,0,10,10,10,5,5,3,4,1,3,9,37,"weiblich",9,0,0,2,1,2,0,10,2.666666666666667,"low",NA,NA,NA,NA,NA,NA,NA,0.5943473233785181
319,"3k6r5vs8av3gyote","2023-11-07T02:09:31Z","save",0,5,5,2,0,9,6,6,5,5,1,2,4,0,15,22,"female",8,1,4,4,3,5,2,7,4.333333333333333,"high",NA,NA,NA,NA,NA,NA,NA,0.5706890920016392
321,"g78ye9x7ye7e7cnv","2023-11-07T11:49:35Z","save",1,1,3,3,2,9,9,9,2,3,1,1,4,2,5,36,"male",11,5,3,4,4,3,2.8,9,3.333333333333333,"high",NA,NA,NA,NA,NA,NA,NA,0.5814196141287947
328,"d57j3782ky16d1y5","2023-11-08T08:43:52Z","save",3,5,1,3,1,8,7,1,4,5,2,4,1,1,6,46,"female",9,1,3,3,1,4,1.8,5.333333333333333,3,"high",NA,NA,NA,NA,NA,NA,NA,0.569656261033208
329,"b8avualc82xd0a2e","2023-11-08T09:17:50Z","save",1,4,1,0,0,5,5,4,2,2,0,1,2,1,11,46,"male",13,2,6,5,4,4,2,4.666666666666667,3.166666666666667,"high",NA,NA,NA,NA,NA,NA,NA,0.6030769180623609
332,"v5085a4fe12t15fb","2023-11-08T12:03:32Z","save",3,2,3,1,2,3,4,3,4,3,2,2,1,2,5,30,"male",9,4,5,3,3,3,3.4,3.333333333333333,2.833333333333333,"high",NA,NA,NA,NA,NA,NA,NA,0.5906824363429336
334,"1oj0kzazn8pwuk1e","2023-11-08T13:14:35Z","save",0,5,1,3,0,5,4,8,0,1,4,3,1,5,11,30,"male",13,1,3,1,2,0,1,5.666666666666667,0.833333333333333,"low",NA,NA,NA,NA,NA,NA,NA,0.625908023742566
335,"teqontrfvu9yz4za","2023-11-08T13:31:22Z","save",3,3,1,5,2,5,4,5,5,2,4,4,4,4,12,28,"männlich",11,3,1,1,1,1,2,4.666666666666667,2.333333333333333,"low",NA,NA,NA,NA,NA,NA,NA,0.6382287387871363
339,"c6546xfvkpb72da8","2023-11-08T16:09:01Z","save",1,4,2,3,3,7,7,6,4,4,1,1,4,1,20,28,"female",11,2,3,4,4,4,2.2,6.666666666666667,4,"high",NA,NA,NA,NA,NA,NA,NA,0.6509204321422923
341,"yeasln0yzg0lj367","2023-11-08T16:34:14Z","save",3,4,5,3,3,5,4,5,3,3,3,3,3,3,17,58,"male",15,2,3,2,2,2,3.2,4.666666666666667,2.5,"low",NA,NA,NA,NA,NA,NA,NA,0.7194059368981007
345,"71x3l459hfpnxzb3","2023-11-08T20:11:23Z","save",2,5,5,3,3,5,6,7,4,4,3,2,2,3,15,42,"male",9,1,3,2,3,2,2.8,6,2.833333333333333,"high",NA,NA,NA,NA,NA,NA,NA,0.7035097719102289
347,"9cvv37lzu2j1asbg","2023-11-08T22:06:38Z","save",4,5,1,5,0,5,5,7,2,2,2,3,4,5,13,26,"männlich",11,1,1,3,2,0,1.4,5.666666666666667,2.166666666666667,"low",NA,NA,NA,NA,NA,NA,NA,0.7181158832641527
351,"ku5ngf5doobypb7y","2023-11-09T14:21:54Z","save",6,2,4,2,6,3,4,2,4,3,3,3,3,3,5,20,"female",7,4,4,2,2,2,4.8,3,2.666666666666667,"low",NA,NA,NA,NA,NA,NA,NA,0.6721716744643554
354,"1c06rp33wuuy29zj","2023-11-09T16:05:04Z","save",6,4,4,4,0,8,5,9,4,4,1,0,4,2,8,19,"weiblich",8,2,2,4,5,3,2.8,7.333333333333333,4,"high",NA,NA,NA,NA,NA,NA,NA,0.6440197788172308
356,"str0o7s8wzn51buw","2023-11-09T20:07:09Z","save",0,0,0,6,0,7,6,10,5,5,5,1,5,5,9,27,"männlich",11,6,0,0,4,0,1.2,7.666666666666667,3.166666666666667,"high",NA,NA,NA,NA,NA,NA,NA,0.6568175502822987
359,"tftn3882mbmj3guj","2023-11-10T07:19:09Z","save",1,4,2,3,3,5,5,5,5,4,1,0,5,1,10,21,"female",9,2,3,4,5,4,2.2,5,4.5,"high",NA,NA,NA,NA,NA,NA,NA,0.6428755984421279
360,"h46hm3xkcxfl60tm","2023-11-10T09:25:53Z","save",0,4,0,5,0,10,8,10,2,2,3,2,2,2,10,57,"male",7,2,1,2,3,3,0.6,9.333333333333334,2.333333333333333,"low",NA,NA,NA,NA,NA,NA,NA,0.6038249098568303
362,"f37h1st8hlpv4uzf","2023-11-10T12:41:58Z","save",4,3,3,2,4,7,4,7,5,3,5,5,3,5,8,22,"männlich",10,3,4,0,0,0,3.6,6,1.833333333333333,"low",NA,NA,NA,NA,NA,NA,NA,0.6033848041230602
363,"k2qal5svovfqqoh2","2023-11-10T14:30:02Z","save",2,3,2,4,1,8,6,8,4,5,3,2,5,5,10,33,"männlich",11,3,2,2,3,0,2,7.333333333333333,3.166666666666667,"high",NA,NA,NA,NA,NA,NA,NA,0.6149967756334546
364,"560bsunt42ktm1m7","2023-11-10T14:36:33Z","save",2,4,0,6,0,10,10,10,0,0,2,5,4,0,10,35,"männlich",8,2,0,3,0,5,0.8,10,2,"low",NA,NA,NA,NA,NA,NA,NA,0.5902732358165751
365,"dsl6aewltd5dcgvo","2023-11-10T16:02:04Z","save",6,4,6,2,6,10,10,8,5,5,0,3,5,5,5,38,"weiblich",8,2,4,5,2,0,4.8,9.333333333333334,3.666666666666667,"high",NA,NA,NA,NA,NA,NA,NA,0.5670043887017525
367,"pql2lyj82mqoudg2","2023-11-10T17:49:04Z","save",4,4,1,3,1,7,4,7,4,4,1,1,2,2,14,22,"weiblich",12,2,3,4,4,3,2.2,6,3.5,"high",NA,NA,NA,NA,NA,NA,NA,0.5887107636604505
368,"000ztncgyc90urxy","2023-11-10T19:02:41Z","save",2,2,3,2,2,3,2,4,3,2,1,1,4,1,15,45,"weiblich",14,4,4,4,4,4,3,3,3.5,"high",NA,NA,NA,NA,NA,NA,NA,0.635521589985077
369,"b4rewbw0far7yzet","2023-11-10T21:39:34Z","save",2,4,3,3,1,8,8,8,4,4,3,3,1,3,11,36,"female",8,2,3,2,2,2,2.2,8,2.5,"low",NA,NA,NA,NA,NA,NA,NA,0.6096729547156106
370,"do210353mzy7e86n","2023-11-11T10:43:29Z","save",0,4,1,3,0,8,8,8,2,1,3,3,2,3,14,22,"female",12,2,3,2,2,2,1.2,8,1.833333333333333,"low",NA,NA,NA,NA,NA,NA,NA,0.6337654616399444
371,"h5a93yh3247xws0x","2023-11-11T10:48:28Z","save",0,3,5,6,3,5,5,3,4,4,1,2,4,3,4,50,"female",6,3,0,4,3,2,2.2,4.333333333333333,3.5,"high",NA,NA,NA,NA,NA,NA,NA,0.5835751709736617
372,"y73atwyag1788x3e","2023-11-11T10:58:49Z","save",6,6,3,6,1,10,3,10,3,4,4,4,5,4,10,22,"männlich",11,0,0,1,1,1,2,7.666666666666667,2.5,"low",NA,NA,NA,NA,NA,NA,NA,0.5945499406765582
375,"vdxw5q6rkmw1uwqp","2023-11-13T14:05:19Z","save",0,5,1,4,3,4,1,5,3,3,3,2,2,2,6,22,"männlich",7,1,2,2,3,3,1.4,3.333333333333333,2.666666666666667,"low",NA,NA,NA,NA,NA,NA,NA,0.5599842371336172
376,"cpmoz257cba1qwqa","2023-11-13T15:15:59Z","save",5,6,5,3,1,10,6,10,0,1,3,4,2,5,14,60,"weiblich",9,0,3,2,1,0,2.8,8.666666666666666,1,"low",NA,NA,NA,NA,NA,NA,NA,0.5490116241768525
379,"axq4ph57kcgzqaxh","2023-11-13T20:27:00Z","save",4,3,5,3,2,5,5,5,0,0,3,2,3,3,7,22,"male",7,3,3,2,3,2,3.4,5,1.666666666666667,"low",NA,NA,NA,NA,NA,NA,NA,0.5183389251083788
381,"50ja1rboy2o4cmfj","2023-11-13T21:57:32Z","save",0,6,3,4,0,10,10,10,1,1,3,2,2,2,10,23,"male",10,0,2,2,3,3,1,10,2,"low",NA,NA,NA,NA,NA,NA,NA,0.5179496777600142
382,"qmdvm3opvcxjqye7","2023-11-13T22:28:20Z","save",0,3,0,4,0,8,7,7,5,5,1,1,4,1,17,22,"männlich",13,3,2,4,4,4,1,7.333333333333333,4.333333333333333,"high",NA,NA,NA,NA,NA,NA,NA,0.5465521393958415
383,"mh1p3wo2xksux2cd","2023-11-13T22:42:18Z","save",0,5,2,6,2,5,4,8,4,3,3,2,2,4,9,19,"male",8,1,0,2,3,1,1,5.666666666666667,2.5,"low",NA,NA,NA,NA,NA,NA,NA,0.525973366769176
388,"ns7pjhwzclxpdxyd","2023-11-14T08:04:59Z","save",3,6,4,1,2,7,6,6,5,4,2,2,4,2,13,22,"male",11,0,5,3,3,3,2.8,6.333333333333333,3.666666666666667,"high",NA,NA,NA,NA,NA,NA,NA,0.5353265968360027
390,"jdj4wko8zn7dhs6o","2023-11-15T20:35:47Z","save",5,4,2,5,1,8,5,7,4,4,3,1,3,2,15,22,"männlich",12,2,1,2,4,3,2.2,6.666666666666667,3.333333333333333,"high",NA,NA,NA,NA,NA,NA,NA,0.5550793657356776
391,"mgc948owgqymz80n","2023-11-15T23:44:25Z","save",6,3,1,3,0,2,0,4,4,4,1,1,4,1,9,20,"weiblich",9,3,3,4,4,4,2.6,2,4,"high",NA,NA,NA,NA,NA,NA,NA,0.544268107421217
393,"m3xzq76mtxkrqsya","2023-11-16T15:18:03Z","save",0,6,1,3,0,7,6,8,1,1,4,4,1,4,7,23,"female",8,0,3,1,1,1,0.8,7,1,"low",NA,NA,NA,NA,NA,NA,NA,0.5238115593576361
395,"8udb284e7t7asdr8","2023-11-18T14:12:19Z","save",4,4,4,2,3,8,8,8,4,2,0,0,5,0,5,33,"female",11,2,4,5,5,5,3.4,8,4.333333333333333,"high",NA,NA,NA,NA,NA,NA,NA,0.5331128120495164
396,"1za6g6xb8dy5ekxw","2023-11-19T16:56:31Z","save",0,1,0,4,1,0,0,0,4,4,3,2,4,2,9,21,"weiblich",11,5,2,2,3,3,1.6,0,3.333333333333333,"high",NA,NA,NA,NA,NA,NA,NA,0.5426717277341903
397,"zgutyfff4r1oc163","2023-11-19T17:31:02Z","save",5,1,5,6,4,1,1,1,3,3,5,0,3,3,7,24,"female",9,5,0,0,5,2,3.8,1,2.666666666666667,"low",NA,NA,NA,NA,NA,NA,NA,0.532205166278737
398,"a2x4jq8tmyd7adqn","2023-11-19T18:12:21Z","save",0,5,0,5,0,8,6,9,4,4,1,2,3,1,10,31,"weiblich",12,1,1,4,3,4,0.4,7.666666666666667,3.666666666666667,"high",NA,NA,NA,NA,NA,NA,NA,0.5518127724188443
400,"togd129y46b4r6r0","2023-11-19T19:18:21Z","save",0,6,3,6,0,4,5,5,5,5,2,2,2,2,10,22,"female",9,0,0,3,3,3,0.6,4.666666666666667,3.5,"high",NA,NA,NA,NA,NA,NA,NA,0.5410867904578248
401,"45p5p63p3wrmx840","2023-11-19T19:19:43Z","save",4,4,3,2,1,2,4,4,5,5,0,0,3,0,10,28,"female",10,2,4,5,5,5,2.8,3.333333333333333,4.666666666666667,"high",NA,NA,NA,NA,NA,NA,NA,0.5406953537092789
404,"opts168kp8a1xghx","2023-11-19T21:02:06Z","save",2,2,1,4,3,7,8,6,4,4,4,4,4,4,10,22,"female",9,4,2,1,1,1,2.4,7,2.5,"low",NA,NA,NA,NA,NA,NA,NA,0.5302755179576295
405,"zr34mlfel3ay9lwc","2023-11-20T11:11:38Z","save",6,6,0,6,0,7,0,8,0,0,5,5,0,5,10,30,"weiblich",10,0,0,0,0,0,1.2,5,0,"low",NA,NA,NA,NA,NA,NA,NA,0.5298906712265542
184,"57wz34aeaz2687t5","2023-12-06T17:36:13Z","save",1,5,0,6,0,8,8,9,4,4,3,2,4,2,14,58,"weiblich",14,1,0,2,3,3,0.4,8.333333333333334,3.333333333333333,"high",NA,NA,NA,"Generell gut, aber es ist sehr viel zu tun.",4,1,1,0.5697767752642652
7,"gr10loblas31yqmv","2023-12-06T21:36:56Z","save",2,5,4,3,4,4,4,4,2,2,2,2,2,4,15,28,"weiblich",13,1,3,3,3,1,2.8,4,2.166666666666667,"low",NA,NA,NA,"Sehr wohl und glücklich, gut in meinem Körper",2,1,1,0.6026937420734856
8,"1lq3m2trywhp3hu0","2023-12-07T05:32:43Z","save",5,1,3,1,3,3,3,3,2,2,2,4,2,4,10,32,"weiblich",11,5,5,3,1,1,4.2,3,1.833333333333333,"low",NA,NA,NA,"Müde, Blicke auf einen vollen Tag. ",0,0,0,0.6141843581073348
9,"vkx3yb7jo4j471fe","2023-12-07T06:58:18Z","save",6,3,6,2,6,2,2,2,4,3,1,1,3,2,8,33,"weiblich",9,3,4,4,4,3,5,2,3.5,"high",NA,NA,NA,"Ich bin ausgeschlafen, neugierig und ein bisschen skeptisch, was jetzt passiert.",1,1,1,0.6016780533512653
10,"xs4y2hmzgsun2vr0","2023-12-07T07:30:58Z","save",5,2,5,1,5,2,2,2,4,4,3,4,3,4,6,32,"weiblich",7,4,5,2,1,1,4.8,2,2.5,"low",NA,NA,NA,"Ausgelaugt und unfit",0,0,0,0.5666144838596812
12,"rvl7qfst5rgd7fam","2023-12-07T10:50:03Z","save",0,4,0,5,5,7,7,7,4,4,2,2,4,3,15,32,"weiblich",12,2,1,3,3,2,1.6,7,3.333333333333333,"high",NA,NA,NA,"Ich fühle mich heute produktiv und kreativ.",1,1,1,0.5880865516967996
186,"5l5v8qthx0r8bdes","2023-12-07T13:32:04Z","save",0,5,1,3,0,7,6,6,3,3,2,2,2,2,19,58,"männlich",6,1,3,3,3,3,1,6.333333333333333,2.833333333333333,"high",NA,NA,NA,"gut, etwas müde",4,1,0,0.5434669784267183
188,"qhcqe2jh6mqkywm0","2023-12-07T16:53:34Z","save",0,5,0,4,0,5,5,7,0,0,0,0,0,0,12,45,"weiblich",13,1,2,5,5,5,0.6,5.666666666666667,2.5,"low",NA,NA,NA,"Ich fühle mich gut 👍 ",1,1,1,0.574021367131752
189,"yb0vsgknasad22ss","2023-12-07T17:06:09Z","save",0,4,2,3,0,7,3,5,0,2,3,3,3,3,7,56,"weiblich",11,2,3,2,2,2,1.4,5,1.833333333333333,"low",NA,NA,NA,"recht neutral",4,1,1,0.5846540151367323
190,"7bey5geu87f6e5ku","2023-12-07T17:09:26Z","save",0,5,1,6,1,9,8,8,1,2,4,4,2,4,16,59,"männlich",13,1,0,1,1,1,0.6,8.333333333333334,1.333333333333333,"low",NA,NA,NA,"Ich bin gespannt,  was mich erwartet ",4,3,3,0.6186470303321447
257,"3bagf5evdxnqbf3t","2023-12-07T17:23:13Z","save",3,3,1,3,2,2,2,2,5,5,1,2,4,2,10,60,"female",8,3,3,4,3,3,2.4,2,4,"high",NA,NA,NA,"Tired. ",2,2,2,0.5941195118847716
259,"laak228ublrj0wbh","2023-12-07T17:33:18Z","save",0,0,4,1,4,6,6,7,3,3,4,4,4,4,6,56,"female",7,6,5,1,1,1,3.8,6.333333333333333,2.166666666666667,"low",NA,NA,NA,"I feel well. ",0,0,0,0.5599230699450619
260,"80f450ypfk5nd5jc","2023-12-07T17:36:01Z","save",4,5,5,3,3,2,2,2,3,3,1,1,3,1,10,47,"female",13,1,3,4,4,4,3.2,2,3.5,"high",NA,NA,NA,"I feel tired - haven‘t got much sleep last night",2,1,2,0.591736992536095
194,"22bed068pv6xr4vd","2023-12-07T17:45:52Z","save",1,4,1,4,0,6,5,8,4,4,2,2,3,1,10,36,"männlich",10,2,2,3,3,4,1.2,6.333333333333333,3.5,"high",NA,NA,NA,"Müde.",3,0,0,0.5913337884744477
98,"kqlwl5g3jrh2pn5d","2023-12-07T18:09:25Z","save",2,5,5,4,0,8,7,7,1,2,1,1,4,1,6,41,"female",6,1,2,4,4,4,2,7.333333333333333,3.166666666666667,"high",NA,NA,NA,"I’m feeling good, just a bit tired and sick with a cold",4,4,2,0.5466455949978427
196,"99dvddxxlxlm4agq","2023-12-07T18:26:22Z","save",2,3,3,2,0,7,6,7,2,3,2,2,4,3,5,45,"weiblich",6,3,4,3,3,2,2.4,6.666666666666667,2.833333333333333,"high",NA,NA,NA,"Bisschen erkältet und erschöpft ",2,2,1,0.5069907335898796
99,"vmvcz0801pok1r6k","2023-12-07T18:59:34Z","save",2,3,1,4,3,8,8,8,4,4,2,3,3,2,4,47,"male",8,3,2,3,2,3,2.2,8,3.166666666666667,"high",NA,NA,NA,"Like The Door’s song: “Waiting for the Sun”",2,2,2,0.48883885335422844
200,"j5fns94du53xfes4","2023-12-07T21:16:40Z","save",0,4,1,5,0,6,5,8,2,2,3,2,2,2,15,57,"weiblich",8,2,1,2,3,3,0.8,6.333333333333333,2.333333333333333,"low",NA,NA,NA,"Gut und etwas gespannt, wie es hier weitergeht",2,1,1,0.4716544127176885
265,"pdbmtcb655rhgb58","2023-12-07T21:23:35Z","save",4,1,5,0,4,1,1,3,4,3,0,0,4,0,14,50,"female",6,5,6,5,5,5,4.8,1.666666666666667,4.333333333333333,"high",NA,NA,NA,"I am anxious and overwhelmed and sad about the state of the world.",0,0,0,0.4400115917335939
266,"1c5cjsehhrx2zywd","2023-12-07T21:29:39Z","save",0,5,4,1,3,7,5,5,0,5,1,2,0,0,7,17,"male",5,1,5,4,3,5,2.6,5.666666666666667,2.833333333333333,"high",NA,NA,NA,"I feel tired but very happy and fulfilled after a great day out with friends. ",2,2,2,0.40496602782221675
201,"6abbx4f52hgcsxk7","2023-12-07T21:34:17Z","save",4,2,3,0,3,0,0,2,2,3,1,1,5,1,12,37,"männlich",11,4,6,4,4,4,4,0.666666666666667,3.666666666666667,"high",NA,NA,NA,"Müde und glücklich durch die Geburt eines Kindes ",0,1,0,0.41109122363400563
205,"pkrzxd97agqsd0gw","2023-12-08T03:08:34Z","save",0,2,0,4,0,5,0,5,2,4,2,3,1,4,5,52,"männlich",8,4,2,3,2,1,1.2,3.333333333333333,2.166666666666667,"low",NA,NA,NA,"Frustriert, weil mein Football Team so schlecht spielt.",1,2,1,0.39795796304298364
267,"zfvyqdhdtsvwxq5m","2023-12-08T06:13:57Z","save",0,5,1,2,0,8,5,10,3,2,1,1,5,2,12,32,"female",10,1,4,4,4,3,1.2,7.666666666666667,3.5,"high",NA,NA,NA,"I feel tired and hopeful.",4,1,2,0.3976552235894314
268,"qy1f780h2zmdtcaj","2023-12-08T06:32:09Z","save",3,4,3,5,0,7,7,4,3,3,2,1,1,2,17,36,"female",13,2,1,3,4,3,1.8,6,2.833333333333333,"high",NA,NA,NA,"I am tired but Happy that it's friday.",1,0,3,0.41644736850163777
206,"11x0kb0xanuj1q56","2023-12-08T06:42:54Z","save",2,2,4,2,1,1,1,2,2,2,4,3,3,4,10,24,"weiblich",7,4,4,1,2,1,3,1.333333333333333,1.833333333333333,"low",NA,NA,NA,"Ich fühle mich gut aber ein bisschen müde.",1,0,0,0.3967090561764573
270,"m80v060nsr4o53xd","2023-12-08T06:57:03Z","save",3,5,1,4,3,5,8,8,4,4,1,1,4,1,12,47,"female",7,1,2,4,4,4,2,7,4,"high",NA,NA,NA,"I am feeling relaxed and happy plus looking forward to helping on this survey.",2,2,3,0.37841716265907427
208,"teq1acdey6wphxyr","2023-12-08T08:41:29Z","save",0,3,1,4,0,10,10,10,3,2,4,3,2,3,13,25,"weiblich",12,3,2,1,2,2,1.2,10,2,"low",NA,NA,NA,"gespannt auf den Tag",3,1,2,0.3897914467852781
272,"3jantgf3n4lqcy5n","2023-12-08T08:42:10Z","save",0,6,0,6,0,9,9,9,1,1,3,2,1,3,14,55,"female",13,0,0,2,3,2,0,9,1.666666666666667,"low",NA,NA,NA,"Relaxed",1,3,3,0.4079517188525488
273,"d03h6qk1mo04pdk4","2023-12-08T09:09:14Z","save",6,4,5,0,3,0,0,1,0,0,5,5,0,5,15,60,"female",11,2,6,0,0,0,4.4,0.333333333333333,0,"low",NA,NA,NA,"I am tired. ",3,0,2,0.41412847418774124
275,"qx9jv9oob3t9z8kj","2023-12-08T09:21:04Z","save",0,4,2,3,2,8,8,8,3,2,3,3,1,3,15,20,"female",6,2,3,2,2,2,1.8,8,2,"low",NA,NA,NA,"A little tired after just waking up but other than that good ",0,1,3,0.38846496244949547
276,"vyw9bxzbht7eyvju","2023-12-08T09:24:38Z","save",5,1,1,1,1,4,8,9,3,1,4,3,1,4,11,27,"male",10,5,5,1,2,1,3.4,7,1.5,"low",NA,NA,NA,"Exhausted",1,1,3,0.3881717891076431
277,"hnf8zy3g7c6hhjb4","2023-12-08T09:37:04Z","save",5,2,5,3,2,7,7,6,5,4,1,1,4,1,16,27,"male",16,4,3,4,4,4,3.8,6.666666666666667,4.166666666666667,"high",NA,NA,NA,"honestly not too great, i hope through willpower i can increase my mood a bit.
",4,4,4,0.42527267071915353
209,"1avy7f7p6mv4ns2u","2023-12-08T09:39:41Z","save",2,3,0,4,1,8,8,8,2,3,3,3,3,3,15,55,"weiblich",13,3,2,2,2,2,1.6,8,2.333333333333333,"low",NA,NA,NA,"Es geht mir gut, ich bin gespannt, wie der Test funktioniert und hoffe, dass ich möglichst viele positive Bilder sehe!
",3,2,2,0.4458336165897425
305,"32fnc08tjx9k58zl","2023-12-08T10:01:38Z","save",0,4,0,2,1,5,3,3,5,5,1,2,1,1,13,22,"männlich",8,2,4,4,3,4,1.4,3.666666666666667,3.666666666666667,"high",NA,NA,NA,"Ich bin etwas müde aber trotzdem bin ich recht zufrieden und gut gelaunt.",1,0,1,0.4311593386507571
278,"xrtujbppv4qtja5k","2023-12-08T10:20:58Z","save",1,4,1,5,1,8,8,9,1,2,3,4,1,3,13,27,"male",11,2,1,2,1,2,1.2,8.333333333333334,1.5,"low",NA,NA,NA,"I am feeling good.",3,2,1,0.43783555770409294
279,"r07eb8qk5xv4q01x","2023-12-08T10:26:35Z","save",3,6,0,5,0,8,6,6,4,4,1,1,2,2,12,30,"male",13,0,1,4,4,3,0.8,6.666666666666667,3.5,"high",NA,NA,NA,"tired, grateful, motivated, calm",2,1,1,0.4593064992017474
212,"sygherqtvnguq8px","2023-12-08T11:35:13Z","save",2,2,3,2,2,3,4,4,5,5,2,1,4,0,11,25,"weiblich",9,4,4,3,4,5,3,3.666666666666667,4.333333333333333,"high",NA,NA,NA,"Minimal gestresst, aber das ist Normalzustand, also recht neutral.",0,1,1,0.45141239729704563
213,"ma95z0kuazn9vxem","2023-12-08T12:02:18Z","save",0,2,0,0,0,10,7,10,2,2,4,3,2,3,19,60,"weiblich",10,4,6,1,2,2,2,9,1.833333333333333,"low",NA,NA,NA,"Ich fühle mich gut",2,2,3,0.45109037282836384
215,"k5pne4y3t1vub97z","2023-12-08T12:28:35Z","save",0,6,0,4,0,6,6,8,2,3,2,2,3,2,14,60,"weiblich",8,0,2,3,3,3,0.4,6.666666666666667,2.833333333333333,"high",NA,NA,NA,"Ich bin entspannt.",1,1,1,0.43615327570296875
282,"opxphujmhye45dk3","2023-12-08T12:59:53Z","save",3,0,2,0,6,2,2,2,4,4,0,0,3,0,9,22,"female",10,6,6,5,5,5,4.6,2,4.333333333333333,"high",NA,NA,NA,"Intrigued",0,1,1,0.43584004328129416
283,"adlzz02hkrn2scan","2023-12-08T13:06:34Z","save",4,3,5,3,1,4,3,3,1,3,2,1,3,1,10,28,"female",11,3,3,3,4,4,3.2,3.333333333333333,3,"high",NA,NA,NA,"tired but good, relaxed",0,0,0,0.4426379334088469
428,"9t1ew5kpo0qjl1hy","2023-12-08T13:21:04Z","save",0,6,0,6,0,8,6,7,5,5,1,1,4,2,11,25,"weiblich",10,0,0,4,4,3,0,7,4.166666666666667,"high",NA,NA,NA,"Es geht mir gut.",3,1,1,0.44232254380326635
430,"7rd7n5lvyn4frget","2023-12-08T13:24:58Z","save",1,3,1,3,0,2,2,2,4,4,3,3,3,2,9,24,"männlich",14,3,3,2,2,3,1.6,2,3,"high",NA,NA,NA,"Ich fühle mich entspannt und einigermaßen ausgeglichen, danke der Nachfrage. ",1,0,0,0.471734463087476
431,"0qah1k4902lgf26f","2023-12-08T13:29:39Z","save",0,4,3,3,0,7,3,5,4,3,2,2,2,2,15,24,"weiblich",11,2,3,3,3,3,1.6,5,3,"high",NA,NA,NA,"Ich fühle mich gut",2,3,3,0.4794060006621804
307,"4jnvafq63gs9llrg","2023-12-08T13:32:56Z","save",1,4,2,3,1,7,8,7,2,3,1,3,2,3,15,23,"weiblich",12,2,3,4,2,2,1.8,7.333333333333333,2.5,"low",NA,NA,NA,"Ich bin sehr müde.",3,1,1,0.49558423355008097
433,"3678d0wycf9yf80z","2023-12-08T13:38:16Z","save",0,4,1,4,0,7,5,7,5,5,1,3,1,1,10,26,"weiblich",8,2,2,4,2,4,1,6.333333333333333,3.5,"high",NA,NA,NA,"Mischung aus: 
etwas gestresst generell durch lernen auf Prüfung

 aber da der Tag gut läuft bin ich zufrieden mit mir und fühle mich gut  ",1,1,2,0.47839839721242217
284,"uhbr1nylrtqo8um5","2023-12-08T14:04:55Z","save",3,5,4,4,1,4,5,8,3,1,0,1,2,2,8,24,"female",11,1,2,5,4,3,2.2,5.666666666666667,3,"high",NA,NA,NA,"I feel calm",1,1,2,0.48623857610367915
438,"azgvqm88x6bxg2g5","2023-12-08T14:07:22Z","save",4,3,2,2,0,7,2,5,2,2,2,2,1,2,15,23,"weiblich",13,3,4,3,3,3,2.6,4.666666666666667,2.333333333333333,"low",NA,NA,NA,"müde",4,3,2,0.5113559042714001
440,"90cxeg12vsxy0wop","2023-12-08T14:30:56Z","save",0,5,0,6,0,10,8,9,2,2,3,4,3,3,17,64,"weiblich",8,1,0,2,1,2,0.2,9,2,"low",NA,NA,NA,"Ich bin generell zufrieden mit mir und meinem Leben, im Moment weil ich mit meiner Arbeit fertig bin und nun Zeit für mich allein habe ",4,4,4,0.4933667275670819
442,"k0klr83319gzycsv","2023-12-08T15:08:23Z","save",5,3,4,2,3,3,2,4,3,3,4,2,2,3,14,26,"männlich",11,3,4,1,3,2,3.8,3,2.333333333333333,"low",NA,NA,NA,"Ich bin krank und erschöpft ",2,1,1,0.5015785445025781
443,"61n9sf43eaj4jp1k","2023-12-08T15:13:45Z","save",0,4,0,4,0,6,7,7,1,3,3,1,2,3,12,25,"weiblich",10,2,2,2,4,2,0.8,6.666666666666667,2.333333333333333,"low",NA,NA,NA,"Ich fühle mich gut. ",4,4,2,0.5012397753448694
285,"mb1r14n741opavr3","2023-12-08T15:16:33Z","save",1,5,2,4,1,8,6,7,2,2,3,3,1,3,10,27,"male",10,1,2,2,2,2,1.4,7,1.833333333333333,"low",NA,NA,NA,"Groggy",1,1,2,0.5009017333225557
444,"y6cudrw9f993qlrl","2023-12-08T15:19:49Z","save",1,4,1,4,1,8,5,7,3,3,2,2,2,2,10,62,"männlich",10,2,2,3,3,3,1.4,6.666666666666667,2.833333333333333,"high",NA,NA,NA,"Müde und abgespannt ",2,2,1,0.5005644157157634
217,"0j1jsnehrjtqmw42","2023-12-08T15:49:31Z","save",0,5,2,5,0,9,9,9,4,4,3,1,4,1,10,25,"weiblich",10,1,1,2,4,4,0.8,9,3.666666666666667,"high",NA,NA,NA,"ich fühle mich gemütlich und entspannt",1,0,0,0.5002278198189674
15,"ghvjm8mkp56xbyy1","2023-12-08T16:25:46Z","save",4,2,4,1,3,7,5,6,3,4,3,1,3,3,10,35,"weiblich",10,4,5,2,4,2,4,6,3,"high",NA,NA,NA,"Ich bin erschöpft und gestresst, aber auch etwas zufrieden ",1,0,0,0.49989194294147143
218,"cf9aen4fwpoym7m4","2023-12-08T16:33:23Z","save",0,6,0,6,0,9,8,9,1,1,4,3,0,4,15,58,"männlich",15,0,0,1,2,1,0,8.666666666666666,1,"low",NA,NA,NA,"Ich fühle mich im Moment körperlich angestrengt und etwas müde.",1,1,1,0.5442950274509879
308,"vjavpeo1k8qfwfn4","2023-12-08T16:33:24Z","save",1,5,0,2,0,7,3,9,5,4,4,1,4,0,13,21,"weiblich",13,1,4,1,4,5,1.2,6.333333333333333,3.833333333333333,"high",NA,NA,NA,"Ich fühle mich entspannt und ausgeglichen.",3,3,3,0.5739093473988086
310,"z8k5mnbb8zuzxp78","2023-12-08T16:41:08Z","save",0,4,1,3,1,8,6,9,3,3,2,2,3,2,15,56,"weiblich",10,2,3,3,3,3,1.4,7.666666666666667,3,"high",NA,NA,NA,"Geschafft von der Arbeit und freue mich auf den Abend mit Familie.",2,2,4,0.5735423229623401
312,"x9f1zn1ndr26r0hr","2023-12-08T16:51:02Z","save",6,1,6,2,5,1,1,1,4,3,5,1,5,1,16,18,"männlich",8,5,4,0,4,4,5.2,1,3.333333333333333,"high",NA,NA,NA,"Ich fühle mich gut,.",2,2,2,0.5522782389220625
314,"t45845zg2j7bgw94","2023-12-08T17:24:59Z","save",3,3,4,2,3,4,4,4,3,4,2,1,1,1,7,29,"weiblich",10,3,4,3,4,4,3.4,4,3.166666666666667,"high",NA,NA,NA,"Im Moment fühle ich mich körperlich und emotional sehr erschöpft.",2,1,1,0.5519217671406592
317,"81t370edreap6jww","2023-12-08T18:18:35Z","save",1,4,1,2,1,3,4,5,3,4,2,1,1,2,12,20,"weiblich",10,2,4,3,4,3,1.8,4,3,"high",NA,NA,NA,"Erschöpft, aber zufrieden",1,1,0,0.5515660278966367
318,"ylg6twtm8s8wrh3g","2023-12-08T18:18:57Z","save",2,3,2,3,1,5,3,3,4,4,2,2,4,2,10,24,"männlich",14,3,3,3,3,3,2.2,3.666666666666667,3.5,"high",NA,NA,NA,"Ich fühle mich im Moment nicht sonderlich gut",0,0,0,0.5921561247540542
320,"qmm3zzgk8vr64evt","2023-12-08T18:21:49Z","save",2,4,3,1,0,6,0,4,4,4,4,3,3,2,5,19,"weiblich",9,2,5,1,2,3,2.4,3.333333333333333,2.833333333333333,"high",NA,NA,NA,"Ich fühle mich gerade gut.",1,0,0,0.580772288517482
19,"zkg3qcavtlxkw05h","2023-12-08T18:27:36Z","save",1,5,0,4,0,7,5,8,2,1,3,2,3,2,10,38,"weiblich",11,1,2,2,3,3,0.8,6.666666666666667,2.333333333333333,"low",NA,NA,NA,"Ich fühle mich zufrieden, etwas müde und erschöpft zugleich, aber im Ganzen fühle ich mich wohl. ",3,2,2,0.5912475090583292
322,"6bm3l3xoupe9soxq","2023-12-08T18:35:20Z","save",4,1,6,0,6,2,0,1,4,4,4,1,3,3,14,19,"weiblich",12,5,6,1,4,2,5.4,1,3,"high",NA,NA,NA,"Ich leide an einer mittelschweren Depression und deswegen fühle ich mich im Moment bedeutungslos, klein, schwach und schlecht gelaunt.",0,0,0,0.6132616933419041
445,"a5tueoz2paltevur","2023-12-08T18:36:21Z","save",1,5,1,6,1,1,1,4,1,2,4,4,1,4,7,25,"weiblich",9,1,0,1,1,1,0.8,2,1.166666666666667,"low",NA,NA,NA,"Müde, aber sehr glücklich",0,0,0,0.6012871280314281
20,"14e86ysjlxzr0no8","2023-12-08T18:59:13Z","save",1,5,0,4,0,8,7,8,2,2,3,3,2,3,13,29,"weiblich",14,1,2,2,2,2,0.8,7.666666666666667,2,"low",NA,NA,NA,"Leicht angespannt, aber dennoch zufrieden ",2,2,2,0.647211229660259
324,"1retaymdh34mgbut","2023-12-08T19:01:15Z","save",0,6,0,6,0,5,5,5,0,0,5,5,0,5,9,18,"männlich",9,0,0,0,0,0,0,5,0,"low",NA,NA,NA,"Gut und entspannt.",0,0,0,0.6343041417250009
325,"80egkg9o9vz7oc3u","2023-12-08T19:09:17Z","save",2,4,2,6,1,5,5,5,4,4,2,3,3,2,11,58,"männlich",10,2,0,3,2,3,1.4,5,3.166666666666667,"high",NA,NA,NA,"Erschöpft",2,1,1,0.6339185180236032
326,"e5c6f2wzsv9r23au","2023-12-08T19:48:47Z","save",0,5,1,5,0,10,9,10,3,4,5,2,3,4,11,19,"männlich",11,1,1,0,3,1,0.6,9.666666666666666,2.333333333333333,"low",NA,NA,NA,"Glücklich, da mein Geburtstag ist :)",1,0,0,0.6458304546413068
327,"7yvp36op7zwtq0u0","2023-12-08T20:05:16Z","save",1,4,2,4,0,6,3,6,3,3,4,3,2,3,12,20,"männlich",10,2,2,1,2,2,1.4,5,2.166666666666667,"low",NA,NA,NA,"Ich fühle mich aufgehoben, aber mein Leben zieht an mir vorbei ",3,1,0,0.645441403160715
328,"u98yabv1frq94ha3","2023-12-08T20:15:55Z","save",3,4,1,3,3,7,7,7,5,3,3,3,2,2,15,24,"weiblich",4,2,3,2,2,3,2.4,7,2.833333333333333,"high",NA,NA,NA,"Ich bin aktuell etwas gestresst und müde, aber sonst okay.",3,3,4,0.5728957543417014
329,"4exeqvk04yxqz6oz","2023-12-08T20:25:54Z","save",0,0,0,5,0,0,0,5,0,0,4,5,0,5,7,20,"männlich",13,6,1,1,0,0,1.4,1.666666666666667,0.166666666666667,"low",NA,NA,NA,"Ich fühle mich ausgezeichnet, die Zukunft wird großartig!",0,0,0,0.6045623181032439
332,"pc2yx3lso16d400y","2023-12-08T21:30:40Z","save",0,6,0,4,1,7,6,6,4,4,2,4,5,2,8,19,"weiblich",9,0,2,3,1,3,0.6,6.333333333333333,3.333333333333333,"high",NA,NA,NA,"Ich fühle mich prinzipiell gut, ein wenig nervös, weil morgen eine Klausur ansteht.",0,0,0,0.5929178577794
220,"dsog673p907sgdd4","2023-12-08T21:41:55Z","save",0,2,1,3,3,2,2,0,3,2,4,3,2,2,13,24,"männlich",11,4,3,1,2,3,2.2,1.333333333333333,2.166666666666667,"low",NA,NA,NA,"Supi ;)
",0,0,0,0.6036484702499366
333,"mpvmoajxd0r97e61","2023-12-08T21:53:41Z","save",0,4,1,2,1,1,1,1,2,2,0,0,4,0,10,22,"weiblich",12,2,4,5,5,5,1.6,1,3.833333333333333,"high",NA,NA,NA,"Es ist kalt draußen und ich bin müde.",0,0,0,0.6261840213382696
