"file","subject","time","condition","SMS5_1","SMS5_2","SMS5_3","SMS5_4","SMS5_5","P0_Q1","P0_Q2","P0_Q3","ITW_1","ITW_2","ITW_3","ITW_4","ITW_5","ITW_6","posimgs","age","gender","pics","SMS5_2r","SMS5_4r","ITW_3r","ITW_4r","ITW_6r","SMS5","SVS","ITW","ITW_group","stimulus","qbit","accuracy","Q0","autonomie1","autonomie2","autonomie3"
2,"fkreo35o93mrx988","2023-09-07T11:53:03Z","save",3,2,2,2,2,0,0,0,3,5,1,0,4,0,10,27,"weiblich",10,4,4,4,5,5,3,0,4.333333333333333,"high",NA,NA,NA,NA,NA,NA,NA
3,"s3e3mvshxkp304m6","2023-09-07T11:53:04Z","del",1,5,0,6,0,8,8,8,1,2,3,5,1,5,10,40,"männlich",NA,1,0,2,0,0,0.4,8,1,"low",NA,NA,NA,NA,NA,NA,NA
4,"j03cuvs02evh42o0","2023-09-07T11:53:10Z","save",0,3,0,2,0,9,6,9,2,1,3,4,2,2,16,39,"männlich",11,3,4,2,1,3,1.4,8,1.833333333333333,"low",NA,NA,NA,NA,NA,NA,NA
5,"dq2txnpd4nh9c8nv","2023-09-07T11:54:25Z","del",0,4,1,4,1,10,9,7,1,3,3,4,1,4,15,48,"männlich",NA,2,2,2,1,1,1.2,8.666666666666666,1.5,"low",NA,NA,NA,NA,NA,NA,NA
6,"bn1p3u5ngbyogygb","2023-09-07T11:54:42Z","del",0,3,1,5,2,8,7,7,3,3,3,4,3,4,13,67,"männlich",NA,3,1,2,1,1,1.4,7.333333333333333,2.166666666666667,"low",NA,NA,NA,NA,NA,NA,NA
7,"bd5g0qn1job8cseh","2023-09-07T11:54:52Z","save",3,3,3,3,2,7,6,6,3,3,4,2,3,3,9,46,"weiblich",9,3,3,1,3,2,2.8,6.333333333333333,2.5,"low",NA,NA,NA,NA,NA,NA,NA
8,"os580fvqn5ruspyx","2023-09-07T11:55:00Z","save",1,5,1,2,0,2,3,4,4,4,3,3,4,2,16,33,"weiblich",8,1,4,2,2,3,1.4,3,3.166666666666667,"high",NA,NA,NA,NA,NA,NA,NA
9,"uzrjkar7bs6ckhg9","2023-09-07T11:56:04Z","del",0,6,1,3,0,9,8,9,4,4,1,2,3,2,12,30,"weiblich",NA,0,3,4,3,3,0.8,8.666666666666666,3.5,"high",NA,NA,NA,NA,NA,NA,NA
10,"f409mu2appz49nwu","2023-09-07T11:57:36Z","del",0,0,6,0,0,0,0,0,0,2,2,4,1,1,13,42,"weiblich",NA,6,6,3,1,4,3.6,0,1.833333333333333,"low",NA,NA,NA,NA,NA,NA,NA
11,"r0xhj5k15qaatekt","2023-09-07T11:59:19Z","del",0,2,0,3,0,7,8,8,5,5,3,2,5,2,9,29,"weiblich",NA,4,3,2,3,3,1.4,7.666666666666667,3.833333333333333,"high",NA,NA,NA,NA,NA,NA,NA
12,"3fcvk71ztvkrx0p8","2023-09-07T12:01:02Z","save",0,5,2,5,0,5,2,5,4,5,2,1,4,2,13,25,"weiblich",13,1,1,3,4,3,0.8,4,3.833333333333333,"high",NA,NA,NA,NA,NA,NA,NA
13,"hao10syohp53raup","2023-09-07T12:01:03Z","save",3,4,1,2,0,7,6,6,3,2,2,4,3,4,6,41,"männlich",10,2,4,3,1,1,2,6.333333333333333,2.166666666666667,"low",NA,NA,NA,NA,NA,NA,NA
14,"wxv4vdvrnvuvu7cq","2023-09-07T12:01:33Z","save",2,1,1,5,0,8,6,7,3,3,4,2,3,4,10,22,"weiblich",10,5,1,1,3,1,1.8,7,2.333333333333333,"low",NA,NA,NA,NA,NA,NA,NA
15,"ag5xfofqmnvqdsxm","2023-09-07T12:01:36Z","del",1,5,4,2,2,3,1,3,4,3,2,1,4,0,7,31,"männlich",NA,1,4,3,4,5,2.4,2.333333333333333,3.833333333333333,"high",NA,NA,NA,NA,NA,NA,NA
16,"j6uv6y122pm7xq70","2023-09-07T12:03:59Z","del",1,4,1,2,3,8,3,6,4,3,4,1,4,3,10,25,"weiblich",NA,2,4,1,4,2,2.2,5.666666666666667,3,"high",NA,NA,NA,NA,NA,NA,NA
17,"6g30rkt3tnw28xhf","2023-09-07T12:05:12Z","save",0,6,0,4,0,10,10,10,4,5,4,4,4,3,10,26,"weiblich",10,0,2,1,1,2,0.4,10,2.833333333333333,"high",NA,NA,NA,NA,NA,NA,NA
18,"06n71yf4s62kfcja","2023-09-07T12:05:17Z","del",0,5,5,3,1,6,8,7,4,4,3,2,1,2,12,32,"weiblich",NA,1,3,2,3,3,2,7,2.833333333333333,"high",NA,NA,NA,NA,NA,NA,NA
19,"0xao7c8x3uw7rud7","2023-09-07T12:09:42Z","del",1,4,1,3,1,6,7,7,3,4,2,3,2,2,15,32,"männlich",NA,2,3,3,2,3,1.6,6.666666666666667,2.833333333333333,"high",NA,NA,NA,NA,NA,NA,NA
20,"xpyjt1cu0sduwnk0","2023-09-07T12:12:20Z","save",0,1,1,2,0,5,5,6,3,3,3,2,2,3,19,33,"weiblich",13,5,4,2,3,2,2,5.333333333333333,2.5,"low",NA,NA,NA,NA,NA,NA,NA
21,"naoudre5546f07wf","2023-09-07T12:24:44Z","save",1,4,1,5,0,7,4,5,3,3,3,3,3,2,12,30,"weiblich",9,2,1,2,2,3,1,5.333333333333333,2.666666666666667,"low",NA,NA,NA,NA,NA,NA,NA
22,"lxvoqh43jk4sgyrm","2023-09-07T12:29:06Z","del",0,6,0,6,0,9,9,9,4,5,3,2,3,2,12,57,"weiblich",NA,0,0,2,3,3,0,9,3.333333333333333,"high",NA,NA,NA,NA,NA,NA,NA
23,"u95jz4fd7ojygyvj","2023-09-07T12:31:22Z","save",0,3,0,6,0,2,0,7,0,3,3,4,1,3,8,44,"männlich",5,3,0,2,1,2,0.6,3,1.5,"low",NA,NA,NA,NA,NA,NA,NA
24,"xe9apkyyzxq4dp0f","2023-09-07T12:35:28Z","save",1,4,3,4,0,5,3,6,4,5,3,2,3,1,14,23,"weiblich",14,2,2,2,3,4,1.6,4.666666666666667,3.5,"high",NA,NA,NA,NA,NA,NA,NA
25,"aecarhbex4gnab9k","2023-09-07T12:37:11Z","del",1,5,1,5,6,10,9,10,4,2,2,4,4,4,16,28,"männlich",NA,1,1,3,1,1,2,9.666666666666666,2.5,"low",NA,NA,NA,NA,NA,NA,NA
26,"sl40vmqnq7msjf1l","2023-09-07T12:42:58Z","save",0,4,0,4,0,3,3,3,4,2,1,3,5,2,10,37,"weiblich",8,2,2,4,2,3,0.8,3,3.333333333333333,"high",NA,NA,NA,NA,NA,NA,NA
27,"szgfqrgegun5co2g","2023-09-07T12:47:49Z","del",2,3,3,2,0,4,4,7,2,2,4,4,3,3,13,45,"weiblich",NA,3,4,1,1,2,2.4,5,1.833333333333333,"low",NA,NA,NA,NA,NA,NA,NA
28,"a0psoprtamzkoys8","2023-09-07T12:51:05Z","del",0,2,1,1,0,6,3,2,4,3,4,2,3,2,10,23,"weiblich",NA,4,5,1,3,3,2,3.666666666666667,2.833333333333333,"high",NA,NA,NA,NA,NA,NA,NA
29,"6qgvmztvs4h3a0yc","2023-09-07T12:51:40Z","del",0,5,0,2,1,6,1,4,4,4,1,2,2,1,11,27,"weiblich",NA,1,4,4,3,4,1.2,3.666666666666667,3.5,"high",NA,NA,NA,NA,NA,NA,NA
30,"0gweu16pomuytkzb","2023-09-07T12:53:11Z","del",0,4,0,6,0,8,8,10,4,1,4,4,0,4,8,36,"männlich",NA,2,0,1,1,1,0.4,8.666666666666666,1.333333333333333,"low",NA,NA,NA,NA,NA,NA,NA
31,"5czk55mg842l2mdr","2023-09-07T12:55:39Z","save",1,5,1,5,2,9,8,8,4,4,3,3,4,3,12,25,"männlich",11,1,1,2,2,2,1.2,8.333333333333334,3,"high",NA,NA,NA,NA,NA,NA,NA
32,"2rrf3xhafmfypdy7","2023-09-07T13:05:51Z","save",1,3,0,4,0,7,7,7,1,3,4,1,2,2,12,27,"männlich",10,3,2,1,4,3,1.2,7,2.333333333333333,"low",NA,NA,NA,NA,NA,NA,NA
33,"5ol3ekz6vclhu000","2023-09-07T13:10:30Z","save",4,3,1,4,3,8,8,7,5,2,4,2,1,3,7,35,"weiblich",9,3,2,1,3,2,2.6,7.666666666666667,2.333333333333333,"low",NA,NA,NA,NA,NA,NA,NA
34,"pzwd6scouv0oy8gd","2023-09-07T13:15:13Z","save",1,4,1,3,0,8,7,8,1,1,4,4,2,4,16,42,"weiblich",12,2,3,1,1,1,1.4,7.666666666666667,1.166666666666667,"low",NA,NA,NA,NA,NA,NA,NA
35,"uafzr75s5m2v1mj2","2023-09-07T13:18:55Z","save",0,0,0,3,2,7,6,7,5,4,4,2,3,4,9,45,"weiblich",9,6,3,1,3,1,2.2,6.666666666666667,2.833333333333333,"high",NA,NA,NA,NA,NA,NA,NA
36,"3qqw777jbvjbfjfn","2023-09-07T13:20:27Z","save",2,3,2,2,3,4,3,5,3,3,3,1,4,1,8,24,"männlich",9,3,4,2,4,4,2.8,4,3.333333333333333,"high",NA,NA,NA,NA,NA,NA,NA
37,"z16fo3f3c1349t3j","2023-09-07T13:25:19Z","save",0,2,0,3,0,3,3,3,4,4,4,2,1,4,16,52,"männlich",14,4,3,1,3,1,1.4,3,2.333333333333333,"low",NA,NA,NA,NA,NA,NA,NA
38,"8gy2bvl05fcm0l33","2023-09-07T13:37:21Z","del",5,2,2,1,0,2,1,3,1,2,3,3,3,2,11,25,"divers",NA,4,5,2,2,3,3.2,2,2.166666666666667,"low",NA,NA,NA,NA,NA,NA,NA
39,"uw2u9aepbhg8ylqy","2023-09-07T13:49:41Z","save",0,2,0,2,0,5,5,6,4,5,4,0,2,0,13,55,"weiblich",11,4,4,1,5,5,1.6,5.333333333333333,3.666666666666667,"high",NA,NA,NA,NA,NA,NA,NA
40,"psb53wxrcdb42aac","2023-09-07T14:15:27Z","del",0,4,1,3,0,7,6,6,1,1,4,2,1,3,13,66,"männlich",NA,2,3,1,3,2,1.2,6.333333333333333,1.5,"low",NA,NA,NA,NA,NA,NA,NA
41,"kv2b1yanh9494fhg","2023-09-07T14:16:59Z","save",0,0,2,2,0,10,0,10,2,2,5,4,3,4,12,39,"weiblich",13,6,4,0,1,1,2.4,6.666666666666667,1.5,"low",NA,NA,NA,NA,NA,NA,NA
42,"shsej4hcy0fxyocn","2023-09-07T14:17:04Z","del",3,2,2,4,3,5,3,6,4,3,1,2,4,2,10,41,"männlich",NA,4,2,4,3,3,2.8,4.666666666666667,3.5,"high",NA,NA,NA,NA,NA,NA,NA
43,"594uxm7au4tpva06","2023-09-07T14:18:40Z","save",4,0,0,6,0,10,10,10,4,5,5,5,5,5,2,222,"männlich",7,6,0,0,0,0,2,10,2.333333333333333,"low",NA,NA,NA,NA,NA,NA,NA
44,"dfkngo8etgo0422y","2023-09-07T14:20:10Z","save",1,3,1,3,0,7,6,7,2,2,5,4,2,5,14,32,"weiblich",12,3,3,0,1,0,1.6,6.666666666666667,1.166666666666667,"low",NA,NA,NA,NA,NA,NA,NA
45,"mwrw6c85qcwuroya","2023-09-07T14:25:08Z","save",2,2,4,5,0,6,3,5,2,5,4,0,1,3,11,33,"weiblich",12,4,1,1,5,2,2.2,4.666666666666667,2.666666666666667,"low",NA,NA,NA,NA,NA,NA,NA
46,"g40qsnzxozkmyf6b","2023-09-07T14:25:17Z","del",1,5,0,4,0,7,7,7,1,1,1,3,3,4,10,33,"männlich",NA,1,2,4,2,1,0.8,7,2,"low",NA,NA,NA,NA,NA,NA,NA
47,"bs1g3qtmxlsjtmef","2023-09-07T14:31:28Z","save",1,4,1,3,0,9,8,8,3,3,4,2,3,3,12,47,"weiblich",11,2,3,1,3,2,1.4,8.333333333333334,2.5,"low",NA,NA,NA,NA,NA,NA,NA
48,"j89z4rxa38f9ywea","2023-09-07T14:33:01Z","del",0,6,0,4,0,10,10,10,1,1,4,4,2,4,4,33,"männlich",NA,0,2,1,1,1,0.4,10,1.166666666666667,"low",NA,NA,NA,NA,NA,NA,NA
49,"fc3sxq03o4g3ungs","2023-09-07T14:33:47Z","save",4,2,2,1,0,5,2,2,3,3,5,3,2,3,12,33,"weiblich",7,4,5,0,2,2,3,3,2,"low",NA,NA,NA,NA,NA,NA,NA
50,"4ygyq5r0gv91rc3p","2023-09-07T14:34:51Z","save",2,5,0,5,1,8,7,9,5,5,2,3,4,2,14,24,"weiblich",13,1,1,3,2,3,1,8,3.666666666666667,"high",NA,NA,NA,NA,NA,NA,NA
51,"m91boddsmq8o8q9q","2023-09-07T14:36:01Z","save",2,5,2,3,1,8,5,7,3,3,4,3,2,3,14,22,"weiblich",14,1,3,1,2,2,1.8,6.666666666666667,2.166666666666667,"low",NA,NA,NA,NA,NA,NA,NA
52,"8lmjw35swq8yzg0m","2023-09-07T14:36:17Z","save",4,2,1,1,0,3,3,8,3,3,1,1,0,3,12,22,"weiblich",13,4,5,4,4,2,2.8,4.666666666666667,2.666666666666667,"low",NA,NA,NA,NA,NA,NA,NA
53,"x39ent3oo0reanm3","2023-09-07T14:37:59Z","del",0,4,3,4,0,7,1,6,4,4,2,2,3,2,13,24,"weiblich",NA,2,2,3,3,3,1.4,4.666666666666667,3.333333333333333,"high",NA,NA,NA,NA,NA,NA,NA
54,"qn30bun2xcwz1xdo","2023-09-07T14:46:48Z","save",3,3,1,2,1,4,4,4,5,5,2,2,5,2,9,38,"weiblich",9,3,4,3,3,3,2.4,4,4,"high",NA,NA,NA,NA,NA,NA,NA
55,"3l0hez0velmg4rb1","2023-09-07T14:51:20Z","save",4,1,4,3,4,4,6,6,5,4,3,3,4,3,6,25,"weiblich",6,5,3,2,2,2,4,5.333333333333333,3.166666666666667,"high",NA,NA,NA,NA,NA,NA,NA
56,"88us1p44aykpfhc5","2023-09-07T14:51:34Z","del",5,2,1,3,2,2,2,3,4,5,2,1,4,1,8,21,"weiblich",NA,4,3,3,4,4,3,2.333333333333333,4,"high",NA,NA,NA,NA,NA,NA,NA
57,"3huwpl796ulucawe","2023-09-07T14:53:09Z","save",1,4,1,4,1,5,6,6,2,3,3,4,2,3,15,32,"weiblich",11,2,2,2,1,2,1.4,5.666666666666667,2,"low",NA,NA,NA,NA,NA,NA,NA
58,"x8r4jattrb1dvdt4","2023-09-07T14:56:45Z","del",4,0,2,1,4,0,0,2,2,2,2,1,4,2,8,33,"weiblich",NA,6,5,3,4,3,4.2,0.666666666666667,3,"high",NA,NA,NA,NA,NA,NA,NA
59,"4gcxsrjf44gp5ue7","2023-09-07T15:01:39Z","save",2,1,3,2,0,4,3,6,1,1,3,3,2,3,8,24,"weiblich",15,5,4,2,2,2,2.8,4.333333333333333,1.666666666666667,"low",NA,NA,NA,NA,NA,NA,NA
60,"cajzbbnshmgxflcj","2023-09-07T15:07:59Z","save",0,3,2,3,0,5,5,5,4,4,4,2,2,2,9,31,"männlich",9,3,3,1,3,3,1.6,5,2.833333333333333,"high",NA,NA,NA,NA,NA,NA,NA
61,"zv2eco7xma81p6n2","2023-09-07T15:14:57Z","save",6,0,6,0,6,1,1,1,5,4,0,0,5,0,5,33,"weiblich",7,6,6,5,5,5,6,1,4.833333333333333,"high",NA,NA,NA,NA,NA,NA,NA
62,"dgsn0c0ryecex0oc","2023-09-07T15:26:29Z","del",0,5,1,6,0,8,9,9,3,3,3,3,3,3,20,56,"männlich",NA,1,0,2,2,2,0.4,8.666666666666666,2.5,"low",NA,NA,NA,NA,NA,NA,NA
63,"8q8e9mhxc5kmnwgs","2023-09-07T15:39:20Z","save",1,5,1,4,0,5,3,6,3,3,3,2,2,3,12,33,"weiblich",12,1,2,2,3,2,1,4.666666666666667,2.5,"low",NA,NA,NA,NA,NA,NA,NA
64,"7z1u299n9139m6et","2023-09-07T15:55:56Z","del",4,4,4,0,2,7,2,6,4,4,2,1,3,3,9,21,"weiblich",NA,2,6,3,4,2,3.6,5,3.333333333333333,"high",NA,NA,NA,NA,NA,NA,NA
65,"9arufqzpya86oex3","2023-09-07T15:56:59Z","del",2,3,3,3,0,4,4,5,3,3,3,3,3,3,7,52,"weiblich",NA,3,3,2,2,2,2.2,4.333333333333333,2.5,"low",NA,NA,NA,NA,NA,NA,NA
66,"22dxhv81o903ophk","2023-09-07T16:05:32Z","del",0,3,0,3,1,6,2,7,5,5,3,0,5,2,5,37,"weiblich",NA,3,3,2,5,3,1.4,5,4.166666666666667,"high",NA,NA,NA,NA,NA,NA,NA
67,"bcgge40901mcq9nj","2023-09-07T16:11:35Z","save",0,4,1,4,3,4,4,4,3,4,3,1,1,2,18,54,"weiblich",10,2,2,2,4,3,1.6,4,2.833333333333333,"high",NA,NA,NA,NA,NA,NA,NA
68,"w8anvnt178fta6tr","2023-09-07T16:12:02Z","del",3,3,2,3,3,6,6,6,4,4,4,3,4,3,13,60,"männlich",NA,3,3,1,2,2,2.8,6,2.833333333333333,"high",NA,NA,NA,NA,NA,NA,NA
69,"cxz804py143209rp","2023-09-07T16:24:28Z","save",1,5,1,3,0,8,8,9,4,4,5,2,1,3,9,25,"weiblich",12,1,3,0,3,2,1.2,8.333333333333334,2.333333333333333,"low",NA,NA,NA,NA,NA,NA,NA
70,"14f7hvgm4jq4ej6p","2023-09-07T16:24:32Z","save",0,5,0,6,0,9,7,7,2,2,3,4,1,3,12,43,"männlich",12,1,0,2,1,2,0.2,7.666666666666667,1.666666666666667,"low",NA,NA,NA,NA,NA,NA,NA
71,"cg3hpkqjra6w1ood","2023-09-07T16:27:42Z","del",1,5,5,5,0,9,9,9,4,4,4,1,5,3,18,56,"männlich",NA,1,1,1,4,2,1.6,9,3.333333333333333,"high",NA,NA,NA,NA,NA,NA,NA
72,"xhesdyys93tjkaj3","2023-09-07T16:28:17Z","del",3,6,0,3,0,10,10,10,1,1,4,3,3,3,4,38,"weiblich",NA,0,3,1,2,2,1.2,10,1.666666666666667,"low",NA,NA,NA,NA,NA,NA,NA
73,"uctp30vlejcaun40","2023-09-07T16:29:18Z","del",4,6,1,6,0,10,10,10,4,2,5,5,1,5,15,60,"weiblich",NA,0,0,0,0,0,1,10,1.166666666666667,"low",NA,NA,NA,NA,NA,NA,NA
74,"fwxmzmdgz69xhtc9","2023-09-07T16:33:07Z","del",0,4,0,4,0,5,5,5,3,5,1,1,5,1,14,43,"weiblich",NA,2,2,4,4,4,0.8,5,4.166666666666667,"high",NA,NA,NA,NA,NA,NA,NA
75,"k7u4np7zcdzqb1ap","2023-09-07T16:38:04Z","del",0,5,5,5,0,8,8,8,3,5,1,0,4,3,14,41,"weiblich",NA,1,1,4,5,2,1.4,8,3.833333333333333,"high",NA,NA,NA,NA,NA,NA,NA
76,"108vpcxv75mc1mnm","2023-09-07T16:42:11Z","del",0,5,1,5,0,7,8,8,3,3,3,2,2,3,11,32,"weiblich",NA,1,1,2,3,2,0.6,7.666666666666667,2.5,"low",NA,NA,NA,NA,NA,NA,NA
77,"1hk8q8f379jffljg","2023-09-07T16:54:12Z","save",1,5,0,5,0,8,8,8,4,4,3,0,2,3,13,40,"weiblich",12,1,1,2,5,2,0.6,8,3.166666666666667,"high",NA,NA,NA,NA,NA,NA,NA
78,"blta2n2mjhsk5szq","2023-09-07T17:10:22Z","save",0,4,0,3,0,8,6,9,2,2,3,4,2,4,14,34,"weiblich",13,2,3,2,1,1,1,7.666666666666667,1.666666666666667,"low",NA,NA,NA,NA,NA,NA,NA
79,"y58zkgavlb0trg6o","2023-09-07T17:11:16Z","save",0,3,0,5,0,6,5,5,4,5,3,2,4,1,12,23,"männlich",12,3,1,2,3,4,0.8,5.333333333333333,3.666666666666667,"high",NA,NA,NA,NA,NA,NA,NA
80,"ohqvy9gd4r896goj","2023-09-07T17:23:08Z","del",1,4,0,4,1,7,4,4,4,2,3,3,3,2,10,35,"weiblich",NA,2,2,2,2,3,1.2,5,2.666666666666667,"low",NA,NA,NA,NA,NA,NA,NA
81,"mggr5v27ox6t8l9e","2023-09-07T17:31:20Z","save",5,2,3,1,3,2,2,5,3,3,2,2,3,2,11,34,"weiblich",11,4,5,3,3,3,4,3,3,"high",NA,NA,NA,NA,NA,NA,NA
82,"3x1ruyzhrtpurkyx","2023-09-07T17:35:23Z","del",2,3,4,3,0,6,6,7,4,5,5,3,1,3,10,39,"weiblich",NA,3,3,0,2,2,2.4,6.333333333333333,2.333333333333333,"low",NA,NA,NA,NA,NA,NA,NA
83,"zpz51j0l6qxkel5p","2023-09-07T17:35:38Z","save",4,5,1,5,3,8,8,8,5,5,4,2,4,2,14,31,"weiblich",12,1,1,1,3,3,2,8,3.5,"high",NA,NA,NA,NA,NA,NA,NA
84,"wu3cwjhl3bh4hqak","2023-09-07T17:44:28Z","save",2,4,1,4,1,7,6,6,0,1,5,3,1,4,13,22,"männlich",14,2,2,0,2,1,1.6,6.333333333333333,0.833333333333333,"low",NA,NA,NA,NA,NA,NA,NA
85,"6vgedw1mcyn8so04","2023-09-07T17:50:00Z","save",0,6,0,6,0,9,9,10,4,4,4,4,4,4,11,64,"weiblich",10,0,0,1,1,1,0,9.333333333333334,2.5,"low",NA,NA,NA,NA,NA,NA,NA
86,"bqx1se941smzg2hq","2023-09-07T18:56:56Z","del",0,5,0,5,1,9,7,10,5,5,4,2,4,4,10,36,"weiblich",NA,1,1,1,3,1,0.6,8.666666666666666,3.166666666666667,"high",NA,NA,NA,NA,NA,NA,NA
87,"0g379lcux7qp040g","2023-09-07T19:17:33Z","save",1,2,1,3,2,7,4,6,3,3,5,2,2,3,14,29,"weiblich",14,4,3,0,3,2,2.2,5.666666666666667,2.166666666666667,"low",NA,NA,NA,NA,NA,NA,NA
88,"p3eesajxuenbqjyo","2023-09-07T20:42:11Z","del",2,6,0,3,0,3,3,7,2,3,4,4,3,4,10,41,"weiblich",NA,0,3,1,1,1,1,4.333333333333333,1.833333333333333,"low",NA,NA,NA,NA,NA,NA,NA
89,"cvvrg32m0801b3x0","2023-09-07T21:27:22Z","save",2,1,5,1,6,9,8,9,4,4,4,3,1,3,8,32,"weiblich",10,5,5,1,2,2,4.6,8.666666666666666,2.333333333333333,"low",NA,NA,NA,NA,NA,NA,NA
90,"bvr2ldbzoeabfvzh","2023-09-07T21:37:19Z","save",3,5,3,3,1,10,10,10,5,5,2,2,1,1,12,29,"weiblich",13,1,3,3,3,4,2.2,10,3.5,"high",NA,NA,NA,NA,NA,NA,NA
91,"cle9nsk9lknh8dwr","2023-09-07T21:38:56Z","save",0,4,1,6,0,6,2,7,4,4,4,2,4,2,11,22,"männlich",11,2,0,1,3,3,0.6,5,3.166666666666667,"high",NA,NA,NA,NA,NA,NA,NA
92,"7hz85310ft9u0gh1","2023-09-07T22:05:08Z","del",1,2,2,3,1,5,0,6,4,4,2,1,3,3,12,38,"weiblich",NA,4,3,3,4,2,2.2,3.666666666666667,3.333333333333333,"high",NA,NA,NA,NA,NA,NA,NA
93,"u0j0m267rwcmeb36","2023-09-07T22:37:25Z","del",2,2,2,3,4,5,5,5,1,2,3,4,2,3,9,30,"weiblich",NA,4,3,2,1,2,3,5,1.666666666666667,"low",NA,NA,NA,NA,NA,NA,NA
94,"cj9mxkyjjd1sjny0","2023-09-08T02:18:04Z","del",3,4,0,5,0,5,3,5,4,3,3,1,4,2,5,30,"weiblich",NA,2,1,2,4,3,1.2,4.333333333333333,3.333333333333333,"high",NA,NA,NA,NA,NA,NA,NA
95,"gf7zy3p41u6ysrut","2023-09-08T03:09:12Z","del",0,0,6,3,0,0,0,0,2,1,3,3,1,3,9,29,"weiblich",NA,6,3,2,2,2,3,0,1.666666666666667,"low",NA,NA,NA,NA,NA,NA,NA
96,"q3wjvy6wnmtyepth","2023-09-08T03:45:54Z","del",1,5,1,4,3,7,6,7,4,4,3,2,4,1,10,30,"männlich",NA,1,2,2,3,4,1.6,6.666666666666667,3.5,"high",NA,NA,NA,NA,NA,NA,NA
97,"3mh7g8l2ne81grr6","2023-09-08T03:59:03Z","save",0,0,6,0,6,0,0,0,5,5,0,0,5,0,10,36,"weiblich",10,6,6,5,5,5,4.8,0,5,"high",NA,NA,NA,NA,NA,NA,NA
98,"subgb3kdk7os07u1","2023-09-08T04:21:28Z","save",0,4,1,3,0,8,4,5,3,3,4,2,3,3,12,54,"weiblich",13,2,3,1,3,2,1.2,5.666666666666667,2.5,"low",NA,NA,NA,NA,NA,NA,NA
99,"7r57xdnmcydeytnp","2023-09-08T04:21:50Z","save",0,5,0,0,0,7,4,4,3,2,5,4,5,3,15,55,"weiblich",13,1,6,0,1,2,1.4,5,2.166666666666667,"low",NA,NA,NA,NA,NA,NA,NA
100,"9b6m093pan83d60q","2023-09-08T04:40:00Z","save",1,5,5,5,4,7,4,7,3,3,4,2,4,3,6,32,"weiblich",8,1,1,1,3,2,2.4,6,2.666666666666667,"low",NA,NA,NA,NA,NA,NA,NA
101,"ly6g83hvch78feu6","2023-09-08T04:49:50Z","del",0,6,0,5,0,10,10,10,3,3,2,3,3,2,15,38,"weiblich",NA,0,1,3,2,3,0.2,10,2.833333333333333,"high",NA,NA,NA,NA,NA,NA,NA
103,"sa0m016ef3kru9xd","2023-09-08T05:33:09Z","del",0,6,0,3,0,6,7,7,2,3,4,3,2,3,10,40,"männlich",NA,0,3,1,2,2,0.6,6.666666666666667,2,"low",NA,NA,NA,NA,NA,NA,NA
104,"0vojgx1q1jwnz8lq","2023-09-08T05:41:16Z","del",0,5,1,5,1,8,7,8,3,2,4,2,3,4,13,30,"weiblich",NA,1,1,1,3,1,0.8,7.666666666666667,2.166666666666667,"low",NA,NA,NA,NA,NA,NA,NA
105,"45lgfcjx6zn8taee","2023-09-08T05:41:46Z","del",0,3,0,6,1,9,10,9,0,0,4,4,1,5,13,34,"weiblich",NA,3,0,1,1,0,0.8,9.333333333333334,0.5,"low",NA,NA,NA,NA,NA,NA,NA
106,"9as2zd299zo34owv","2023-09-08T06:04:48Z","del",0,5,0,5,0,8,10,9,5,4,3,5,1,4,10,49,"männlich",NA,1,1,2,0,1,0.4,9,2.166666666666667,"low",NA,NA,NA,NA,NA,NA,NA
107,"uyf3yfxcbydd972w","2023-09-08T06:07:55Z","save",0,5,0,6,0,10,8,8,4,4,1,2,4,2,14,46,"männlich",15,1,0,4,3,3,0.2,8.666666666666666,3.666666666666667,"high",NA,NA,NA,NA,NA,NA,NA
108,"5xtm6hhx1jnrxs26","2023-09-08T06:19:47Z","save",0,4,0,5,0,9,7,9,2,2,5,4,1,5,18,29,"weiblich",10,2,1,0,1,0,0.6,8.333333333333334,1,"low",NA,NA,NA,NA,NA,NA,NA
109,"k4q9bf8rbbovejxc","2023-09-08T06:28:56Z","del",0,6,0,5,0,9,9,10,2,2,3,3,4,1,18,44,"weiblich",NA,0,1,2,2,4,0.2,9.333333333333334,2.666666666666667,"low",NA,NA,NA,NA,NA,NA,NA
110,"k6scgphy1s9jld07","2023-09-08T06:50:11Z","save",6,2,6,1,6,5,5,5,3,3,3,2,3,2,10,28,"weiblich",13,4,5,2,3,3,5.4,5,2.833333333333333,"high",NA,NA,NA,NA,NA,NA,NA
111,"11p1cl1xmlkzt86w","2023-09-08T07:15:15Z","save",0,4,2,4,1,5,3,5,4,3,4,3,2,3,5,32,"weiblich",4,2,2,1,2,2,1.4,4.333333333333333,2.333333333333333,"low",NA,NA,NA,NA,NA,NA,NA
112,"bsqkxrzp8maztrok","2023-09-08T07:20:35Z","del",0,5,1,4,0,8,8,10,0,1,4,5,1,5,11,33,"männlich",NA,1,2,1,0,0,0.8,8.666666666666666,0.5,"low",NA,NA,NA,NA,NA,NA,NA
113,"7x9wpjfya4gw76of","2023-09-08T07:24:54Z","save",2,3,1,3,0,3,3,3,4,4,1,2,4,2,10,22,"weiblich",12,3,3,4,3,3,1.8,3,3.666666666666667,"high",NA,NA,NA,NA,NA,NA,NA
114,"eq0xlhcds1eh0esc","2023-09-08T07:38:48Z","save",0,5,1,4,0,2,1,2,1,1,5,2,5,3,3,33,"weiblich",8,1,2,0,3,2,0.8,1.666666666666667,2,"low",NA,NA,NA,NA,NA,NA,NA
115,"fqsfxt1dm8ylw5vt","2023-09-08T07:41:26Z","del",6,0,6,0,6,0,0,0,3,3,2,1,3,1,10,42,"männlich",NA,6,6,3,4,4,6,0,3.333333333333333,"high",NA,NA,NA,NA,NA,NA,NA
116,"04gqtou3un5ja680","2023-09-08T07:45:37Z","save",0,2,3,5,0,8,3,8,3,3,4,3,1,3,15,39,"männlich",6,4,1,1,2,2,1.6,6.333333333333333,2,"low",NA,NA,NA,NA,NA,NA,NA
117,"yodzw7bcbx2qfsrl","2023-09-08T07:50:47Z","del",1,3,2,4,1,8,10,8,5,5,1,0,5,1,14,28,"männlich",NA,3,2,4,5,4,1.8,8.666666666666666,4.666666666666667,"high",NA,NA,NA,NA,NA,NA,NA
118,"a5aazlyuej7wavm1","2023-09-08T07:53:53Z","del",3,3,3,3,3,5,5,5,3,3,2,2,2,2,5,43,"weiblich",NA,3,3,3,3,3,3,5,2.833333333333333,"high",NA,NA,NA,NA,NA,NA,NA
119,"o76t93637l8lmrca","2023-09-08T08:02:06Z","del",1,3,0,5,0,3,3,3,3,2,5,4,2,2,7,33,"männlich",NA,3,1,0,1,3,1,3,1.833333333333333,"low",NA,NA,NA,NA,NA,NA,NA
120,"orjrv8h6a4w5eakd","2023-09-08T08:24:02Z","del",0,5,1,4,0,8,5,8,3,3,2,2,4,2,15,26,"weiblich",NA,1,2,3,3,3,0.8,7,3.166666666666667,"high",NA,NA,NA,NA,NA,NA,NA
121,"h7c9qzesf8gdb9n3","2023-09-08T08:47:22Z","del",1,4,1,2,0,4,3,5,2,2,4,3,1,4,8,33,"männlich",NA,2,4,1,2,1,1.6,4,1.5,"low",NA,NA,NA,NA,NA,NA,NA
122,"7lpmz2pqw260ouh8","2023-09-08T08:59:34Z","del",5,4,1,3,0,8,5,7,4,5,3,2,2,2,8,34,"männlich",NA,2,3,2,3,3,2.2,6.666666666666667,3.166666666666667,"high",NA,NA,NA,NA,NA,NA,NA
123,"92g8cngoqhtybexh","2023-09-08T09:02:29Z","save",0,3,1,4,1,5,6,6,4,2,4,0,4,1,20,32,"männlich",9,3,2,1,5,4,1.4,5.666666666666667,3.333333333333333,"high",NA,NA,NA,NA,NA,NA,NA
124,"429m3juf5pwj5ndn","2023-09-08T09:05:52Z","save",3,1,5,1,5,1,2,1,4,4,1,0,3,1,10,43,"weiblich",11,5,5,4,5,4,4.6,1.333333333333333,4,"high",NA,NA,NA,NA,NA,NA,NA
125,"wx90rf79nvsnz5yz","2023-09-08T09:19:47Z","del",0,3,0,4,0,7,6,8,1,1,2,3,4,4,13,40,"weiblich",NA,3,2,3,2,1,1,7,2,"low",NA,NA,NA,NA,NA,NA,NA
126,"3pnkl5c8w3ct315e","2023-09-08T09:26:41Z","save",5,4,4,3,3,3,3,6,3,3,2,2,2,2,10,33,"männlich",10,2,3,3,3,3,3.4,4,2.833333333333333,"high",NA,NA,NA,NA,NA,NA,NA
127,"bhktmv70oqskqw5z","2023-09-08T09:36:20Z","save",4,3,5,3,3,4,3,3,4,5,3,2,5,2,14,32,"männlich",11,3,3,2,3,3,3.6,3.333333333333333,3.666666666666667,"high",NA,NA,NA,NA,NA,NA,NA
128,"tqcge6n4slgukpjo","2023-09-08T09:47:42Z","del",0,4,0,4,0,5,5,5,4,4,3,2,3,3,7,47,"weiblich",NA,2,2,2,3,2,0.8,5,3,"high",NA,NA,NA,NA,NA,NA,NA
129,"cajqmlbss7m22996","2023-09-08T09:48:18Z","del",0,5,0,5,0,10,7,9,3,3,3,2,3,2,10,21,"weiblich",NA,1,1,2,3,3,0.4,8.666666666666666,2.833333333333333,"high",NA,NA,NA,NA,NA,NA,NA
130,"f6mm0kp5lgx8mrjw","2023-09-08T09:49:59Z","save",4,3,3,1,1,7,4,6,5,4,3,2,4,0,13,32,"weiblich",10,3,5,2,3,5,3.2,5.666666666666667,3.833333333333333,"high",NA,NA,NA,NA,NA,NA,NA
131,"ccwlepmbeabw9voh","2023-09-08T09:52:33Z","del",0,6,0,5,0,10,10,10,0,5,2,2,5,1,12,31,"divers",NA,0,1,3,3,4,0.2,10,3.333333333333333,"high",NA,NA,NA,NA,NA,NA,NA
132,"6x08m49m5w2ym0sa","2023-09-08T09:54:24Z","save",3,2,3,4,2,7,7,6,0,3,1,0,2,3,17,12,"männlich",15,4,2,4,5,2,2.8,6.666666666666667,2.666666666666667,"low",NA,NA,NA,NA,NA,NA,NA
133,"1h11whha579xl41j","2023-09-08T09:56:20Z","del",0,6,4,3,3,6,3,3,3,3,2,3,1,1,11,54,"männlich",NA,0,3,3,2,4,2,4,2.666666666666667,"low",NA,NA,NA,NA,NA,NA,NA
134,"cs4x0xg24baly3ex","2023-09-08T10:04:55Z","save",0,5,1,5,0,5,3,4,4,4,3,1,4,3,12,39,"weiblich",13,1,1,2,4,2,0.6,4,3.333333333333333,"high",NA,NA,NA,NA,NA,NA,NA
135,"6l656lla2l63vrx6","2023-09-08T10:23:50Z","del",1,5,1,3,0,7,6,8,2,1,4,4,3,3,10,37,"männlich",NA,1,3,1,1,2,1.2,7,1.666666666666667,"low",NA,NA,NA,NA,NA,NA,NA
136,"yc1nwrnehtwlp7l6","2023-09-08T10:52:18Z","del",2,5,2,5,1,7,6,7,5,4,4,1,3,4,12,33,"weiblich",NA,1,1,1,4,1,1.4,6.666666666666667,3,"high",NA,NA,NA,NA,NA,NA,NA
137,"mapb59rda7bm1k52","2023-09-08T11:14:39Z","del",0,6,0,6,0,8,6,5,2,2,3,3,3,3,12,48,"weiblich",NA,0,0,2,2,2,0,6.333333333333333,2.166666666666667,"low",NA,NA,NA,NA,NA,NA,NA
138,"reltjxg6ord02l9n","2023-09-08T11:22:56Z","del",3,6,6,5,0,2,5,0,1,0,5,5,4,1,5,33,"männlich",NA,0,1,0,0,4,2,2.333333333333333,1.5,"low",NA,NA,NA,NA,NA,NA,NA
139,"0mw3clgy0fljpevm","2023-09-08T11:31:09Z","save",0,6,0,6,0,10,10,10,4,5,4,2,5,2,18,35,"weiblich",9,0,0,1,3,3,0,10,3.5,"high",NA,NA,NA,NA,NA,NA,NA
140,"qqfdmhd3bsfngyxm","2023-09-08T11:39:42Z","del",0,2,4,2,0,7,6,6,5,4,4,1,1,3,12,35,"weiblich",NA,4,4,1,4,2,2.4,6.333333333333333,2.833333333333333,"high",NA,NA,NA,NA,NA,NA,NA
141,"wvnj8gk4hpx3d2rp","2023-09-08T11:45:18Z","del",0,3,0,3,0,1,1,5,3,3,3,2,2,3,10,32,"weiblich",NA,3,3,2,3,2,1.2,2.333333333333333,2.5,"low",NA,NA,NA,NA,NA,NA,NA
142,"j666udzf0kym7s1x","2023-09-08T11:50:11Z","del",0,5,3,3,1,2,0,1,5,4,3,2,0,1,9,33,"weiblich",NA,1,3,2,3,4,1.6,1,3,"high",NA,NA,NA,NA,NA,NA,NA
143,"qa45ds9adl8unspy","2023-09-08T12:04:02Z","save",0,5,0,5,0,10,10,10,3,3,2,3,2,2,6,52,"männlich",4,1,1,3,2,3,0.4,10,2.666666666666667,"low",NA,NA,NA,NA,NA,NA,NA
144,"o2wtj7pl4d3tq8bl","2023-09-08T12:13:03Z","save",3,5,0,3,0,8,5,7,4,5,3,0,0,1,15,29,"weiblich",8,1,3,2,5,4,1.4,6.666666666666667,3.333333333333333,"high",NA,NA,NA,NA,NA,NA,NA
145,"eefavs5wzzux0j78","2023-09-08T12:32:08Z","save",0,5,0,5,0,6,5,5,2,2,4,4,2,4,7,48,"weiblich",7,1,1,1,1,1,0.4,5.333333333333333,1.5,"low",NA,NA,NA,NA,NA,NA,NA
146,"q7le8uo1aaqg0g97","2023-09-08T12:51:53Z","del",3,5,2,0,3,5,4,5,5,3,4,3,4,2,10,37,"männlich",NA,1,6,1,2,3,3,4.666666666666667,3,"high",NA,NA,NA,NA,NA,NA,NA
147,"9bsjxayzrnruxrx6","2023-09-08T13:25:41Z","save",0,5,0,5,0,8,6,8,4,5,2,1,4,3,12,51,"weiblich",9,1,1,3,4,2,0.4,7.333333333333333,3.666666666666667,"high",NA,NA,NA,NA,NA,NA,NA
148,"qb62jfzjtwug1s3t","2023-09-08T13:27:04Z","del",0,6,0,6,0,8,8,9,4,3,3,2,4,2,14,53,"männlich",NA,0,0,2,3,3,0,8.333333333333334,3.166666666666667,"high",NA,NA,NA,NA,NA,NA,NA
149,"mowwzbqz8hgrv2ub","2023-09-08T14:47:44Z","save",0,5,0,4,0,9,10,9,0,0,5,4,4,4,18,25,"männlich",13,1,2,0,1,1,0.6,9.333333333333334,1,"low",NA,NA,NA,NA,NA,NA,NA
150,"wmgg8g27v7u46d0d","2023-09-08T14:59:25Z","save",0,3,1,6,0,9,6,9,1,5,4,2,2,5,18,49,"weiblich",7,3,0,1,3,0,0.8,8,2,"low",NA,NA,NA,NA,NA,NA,NA
151,"vs99pyxw8hkw0fqx","2023-09-08T15:00:48Z","del",3,3,3,3,3,5,5,5,0,1,4,5,1,4,15,40,"männlich",NA,3,3,1,0,1,3,5,0.666666666666667,"low",NA,NA,NA,NA,NA,NA,NA
152,"7d7wwht3pr1q0a3h","2023-09-08T15:28:07Z","save",3,5,2,3,0,6,4,8,4,5,5,4,3,2,8,29,"weiblich",7,1,3,0,1,3,1.8,6,2.666666666666667,"low",NA,NA,NA,NA,NA,NA,NA
153,"fgsmqt2mcxoow4uh","2023-09-08T15:35:47Z","save",3,2,2,2,3,4,3,3,4,4,2,1,3,1,8,32,"weiblich",10,4,4,3,4,4,3.2,3.333333333333333,3.666666666666667,"high",NA,NA,NA,NA,NA,NA,NA
154,"mv13n3c6tg801qho","2023-09-08T15:44:06Z","del",0,4,2,4,0,8,8,8,0,1,4,3,1,3,15,32,"weiblich",NA,2,2,1,2,2,1.2,8,1.166666666666667,"low",NA,NA,NA,NA,NA,NA,NA
155,"34sxsgu2rbo7yjut","2023-09-08T15:47:26Z","save",3,4,3,2,3,8,6,6,4,3,1,2,3,2,15,28,"weiblich",6,2,4,4,3,3,3,6.666666666666667,3.333333333333333,"high",NA,NA,NA,NA,NA,NA,NA
156,"oole4f8v0jy3gmdo","2023-09-08T15:57:10Z","save",0,4,1,5,0,5,5,7,1,3,4,4,1,4,20,43,"weiblich",11,2,1,1,1,1,0.8,5.666666666666667,1.333333333333333,"low",NA,NA,NA,NA,NA,NA,NA
157,"mcvnccpgk5ss3dk2","2023-09-08T16:49:59Z","del",0,5,0,6,0,8,8,8,4,4,3,2,4,4,10,57,"weiblich",NA,1,0,2,3,1,0.2,8,3,"high",NA,NA,NA,NA,NA,NA,NA
158,"st9dphtryq7ay9lm","2023-09-08T17:06:51Z","save",4,2,3,1,1,2,2,4,2,4,2,3,4,1,8,29,"weiblich",10,4,5,3,2,4,3.4,2.666666666666667,3.166666666666667,"high",NA,NA,NA,NA,NA,NA,NA
159,"7d8lmet3k38t7h8v","2023-09-08T17:09:02Z","del",0,6,0,0,0,5,5,7,5,4,1,0,4,0,12,34,"männlich",NA,0,6,4,5,5,1.2,5.666666666666667,4.5,"high",NA,NA,NA,NA,NA,NA,NA
160,"4lhead63xj3omq67","2023-09-08T19:22:21Z","save",1,3,4,1,4,5,3,5,4,4,3,1,3,2,14,40,"weiblich",10,3,5,2,4,3,3.4,4.333333333333333,3.333333333333333,"high",NA,NA,NA,NA,NA,NA,NA
161,"vuxdhjn8sqfq58eu","2023-09-08T19:22:59Z","save",3,1,6,0,6,1,1,1,4,1,2,0,5,5,5,43,"weiblich",12,5,6,3,5,0,5.2,1,3,"high",NA,NA,NA,NA,NA,NA,NA
162,"08abc2t7208t52bu","2023-09-08T20:03:31Z","del",4,2,1,2,0,7,4,7,4,5,3,2,3,2,4,30,"weiblich",NA,4,4,2,3,3,2.6,6,3.333333333333333,"high",NA,NA,NA,NA,NA,NA,NA
163,"709xmjh0yyeorwey","2023-09-08T20:19:49Z","save",0,4,0,4,0,5,5,5,1,1,4,4,1,4,13,43,"weiblich",13,2,2,1,1,1,0.8,5,1,"low",NA,NA,NA,NA,NA,NA,NA
164,"rum2m7zp0xb5z1l7","2023-09-09T04:31:46Z","save",0,5,0,5,0,8,8,8,2,2,3,3,3,3,10,51,"weiblich",10,1,1,2,2,2,0.4,8,2.166666666666667,"low",NA,NA,NA,NA,NA,NA,NA
165,"zt0076m7jqjq6qdx","2023-09-09T06:37:50Z","del",0,5,0,4,0,7,4,6,3,1,4,3,1,3,16,38,"männlich",NA,1,2,1,2,2,0.6,5.666666666666667,1.666666666666667,"low",NA,NA,NA,NA,NA,NA,NA
166,"tou934apylhuh5bz","2023-09-09T06:43:02Z","save",0,6,0,6,0,10,10,10,5,5,2,2,5,2,11,48,"männlich",9,0,0,3,3,3,0,10,4,"high",NA,NA,NA,NA,NA,NA,NA
167,"brc9kk475nenh16v","2023-09-09T06:57:16Z","save",0,5,0,6,0,8,10,9,1,5,4,4,0,4,13,17,"männlich",13,1,0,1,1,1,0.2,9,1.5,"low",NA,NA,NA,NA,NA,NA,NA
168,"tjz1n9md56wpczw6","2023-09-09T06:59:17Z","del",2,4,1,2,3,3,3,3,4,4,1,0,4,1,10,46,"männlich",NA,2,4,4,5,4,2.4,3,4.166666666666667,"high",NA,NA,NA,NA,NA,NA,NA
169,"gqfmx30n84w1hp7o","2023-09-09T07:59:58Z","del",0,3,0,0,0,2,2,2,4,1,3,5,0,3,10,32,"weiblich",NA,3,6,2,0,2,1.8,2,1.5,"low",NA,NA,NA,NA,NA,NA,NA
170,"kz5qgsz5ha1rutjj","2023-09-09T08:05:38Z","del",0,6,0,5,0,10,9,9,5,4,4,3,4,3,11,75,"weiblich",NA,0,1,1,2,2,0.2,9.333333333333334,3,"high",NA,NA,NA,NA,NA,NA,NA
171,"y8rs5e5l7wfajoon","2023-09-09T08:13:13Z","del",1,3,3,3,0,3,3,3,2,3,2,2,3,2,12,32,"männlich",NA,3,3,3,3,3,2,3,2.833333333333333,"high",NA,NA,NA,NA,NA,NA,NA
172,"5mrw6l64sv9qtdq4","2023-09-09T08:39:50Z","del",2,4,2,4,3,8,7,8,5,5,5,3,3,1,13,32,"weiblich",NA,2,2,0,2,4,2.2,7.666666666666667,3.166666666666667,"high",NA,NA,NA,NA,NA,NA,NA
173,"qsusr5njtmq219zq","2023-09-09T09:01:41Z","save",0,5,3,4,0,3,3,3,4,4,3,4,1,4,6,33,"männlich",10,1,2,2,1,1,1.2,3,2.166666666666667,"low",NA,NA,NA,NA,NA,NA,NA
174,"7aagb2bfa4kmf7fa","2023-09-09T09:08:30Z","save",0,6,0,4,0,7,7,7,4,3,3,2,2,2,7,32,"weiblich",11,0,2,2,3,3,0.4,7,2.833333333333333,"high",NA,NA,NA,NA,NA,NA,NA
175,"tkt0f63trddfbsnh","2023-09-09T09:14:13Z","save",0,6,0,3,0,10,10,10,5,5,5,3,5,1,17,25,"weiblich",10,0,3,0,2,4,0.6,10,3.5,"high",NA,NA,NA,NA,NA,NA,NA
176,"yzgfdehohvwzjflh","2023-09-09T09:45:52Z","save",1,5,4,1,5,9,3,9,1,0,1,5,1,4,10,72,"weiblich",11,1,5,4,0,1,3.2,7,1.166666666666667,"low",NA,NA,NA,NA,NA,NA,NA
177,"4wo5qn3swb7uwbuq","2023-09-09T11:40:52Z","del",0,3,0,6,0,5,8,7,4,4,3,3,2,3,8,62,"männlich",NA,3,0,2,2,2,0.6,6.666666666666667,2.666666666666667,"low",NA,NA,NA,NA,NA,NA,NA
178,"manm3z8kqx5xljyk","2023-09-09T12:05:28Z","del",4,2,4,1,2,4,4,4,2,2,2,2,3,2,17,49,"männlich",NA,4,5,3,3,3,3.8,4,2.666666666666667,"low",NA,NA,NA,NA,NA,NA,NA
179,"vks12go6tk37zg55","2023-09-09T12:53:18Z","save",1,6,0,3,0,10,10,10,1,3,5,2,1,3,10,45,"männlich",10,0,3,0,3,2,0.8,10,1.666666666666667,"low",NA,NA,NA,NA,NA,NA,NA
180,"capwdbjol89oo70n","2023-09-09T13:38:25Z","del",4,0,4,0,4,0,0,0,3,4,0,0,4,0,10,42,"männlich",NA,6,6,5,5,5,4.8,0,4.333333333333333,"high",NA,NA,NA,NA,NA,NA,NA
181,"prm3fpnd04166xn9","2023-09-09T14:08:36Z","del",0,3,0,5,2,7,7,8,3,2,3,3,2,3,10,24,"weiblich",NA,3,1,2,2,2,1.2,7.333333333333333,2.166666666666667,"low",NA,NA,NA,NA,NA,NA,NA
182,"7lcfx142vw86fefg","2023-09-09T14:22:18Z","save",0,6,0,6,0,10,10,10,3,3,5,4,2,4,14,51,"weiblich",11,0,0,0,1,1,0,10,1.666666666666667,"low",NA,NA,NA,NA,NA,NA,NA
183,"v7lhe6ovm4pc4u4n","2023-09-09T15:31:43Z","save",4,6,4,4,4,6,6,8,1,1,5,5,4,5,10,48,"weiblich",8,0,2,0,0,0,2.8,6.666666666666667,1,"low",NA,NA,NA,NA,NA,NA,NA
184,"ymcbb8gxl449qst9","2023-09-10T06:37:19Z","del",4,5,2,3,5,8,7,6,5,4,2,1,4,2,12,34,"männlich",NA,1,3,3,4,3,3,7,3.833333333333333,"high",NA,NA,NA,NA,NA,NA,NA
185,"zw79x6ubxu1hb3yh","2023-09-10T07:57:51Z","save",0,4,0,4,0,6,6,7,2,2,3,3,2,3,9,41,"weiblich",8,2,2,2,2,2,0.8,6.333333333333333,2,"low",NA,NA,NA,NA,NA,NA,NA
186,"fl3wqcz4x9vonx6v","2023-09-10T08:31:12Z","del",1,4,1,5,1,5,2,4,5,5,2,1,1,1,10,49,"weiblich",NA,2,1,3,4,4,1.2,3.666666666666667,3.666666666666667,"high",NA,NA,NA,NA,NA,NA,NA
187,"v745dv0l16uujo56","2023-09-10T09:33:21Z","save",0,6,0,3,0,5,5,5,3,4,3,1,3,3,15,33,"weiblich",15,0,3,2,4,2,0.6,5,3,"high",NA,NA,NA,NA,NA,NA,NA
188,"8131cshhxponqsvx","2023-09-10T10:18:54Z","del",4,4,3,2,2,6,6,7,3,3,1,2,3,2,11,30,"weiblich",NA,2,4,4,3,3,3,6.333333333333333,3.166666666666667,"high",NA,NA,NA,NA,NA,NA,NA
189,"52te8gykwb0v1gbd","2023-09-10T12:47:08Z","save",0,6,0,5,0,5,5,5,2,2,0,1,1,2,7,32,"weiblich",7,0,1,5,4,3,0.2,5,2.833333333333333,"high",NA,NA,NA,NA,NA,NA,NA
190,"azkqg6yjhtxqn2hm","2023-09-10T13:55:41Z","del",5,1,6,1,6,9,9,8,0,1,1,1,2,1,17,35,"weiblich",NA,5,5,4,4,4,5.4,8.666666666666666,2.5,"low",NA,NA,NA,NA,NA,NA,NA
191,"2em3m3uqsm29tsdm","2023-09-10T14:20:24Z","del",0,5,0,6,0,10,9,9,4,3,3,0,1,3,11,66,"weiblich",NA,1,0,2,5,2,0.2,9.333333333333334,2.833333333333333,"high",NA,NA,NA,NA,NA,NA,NA
192,"lu91dk3amfwg0fx4","2023-09-10T14:43:41Z","del",0,6,0,4,0,7,6,7,2,2,2,3,3,2,6,56,"männlich",NA,0,2,3,2,3,0.4,6.666666666666667,2.5,"low",NA,NA,NA,NA,NA,NA,NA
193,"6gfupzzeovsszqn2","2023-09-10T17:57:03Z","save",6,0,6,0,6,2,2,2,3,3,2,3,3,2,12,40,"männlich",11,6,6,3,2,3,6,2,2.833333333333333,"high",NA,NA,NA,NA,NA,NA,NA
194,"gss7d5le89jehlgn","2023-09-10T18:38:25Z","save",0,3,4,2,3,5,1,7,4,4,4,2,4,1,14,36,"männlich",14,3,4,1,3,4,2.8,4.333333333333333,3.333333333333333,"high",NA,NA,NA,NA,NA,NA,NA
195,"beznbs3kwyg66jhd","2023-09-10T18:40:02Z","del",3,3,4,2,1,0,0,5,5,5,0,0,1,1,18,24,"weiblich",NA,3,4,5,5,4,3,1.666666666666667,4.166666666666667,"high",NA,NA,NA,NA,NA,NA,NA
196,"ff45agj3mw8gxqcj","2023-09-10T18:54:11Z","del",0,3,1,5,0,8,6,7,0,3,5,3,3,3,15,42,"weiblich",NA,3,1,0,2,2,1,7,1.666666666666667,"low",NA,NA,NA,NA,NA,NA,NA
197,"1ad1q6ksz7z5ch6b","2023-09-10T18:57:36Z","save",0,4,0,5,0,7,8,8,3,4,3,1,1,2,11,33,"weiblich",7,2,1,2,4,3,0.6,7.666666666666667,2.833333333333333,"high",NA,NA,NA,NA,NA,NA,NA
198,"cwd2hpey39krp5ay","2023-09-10T19:00:11Z","del",1,5,1,4,3,5,8,6,4,4,4,4,3,4,10,51,"männlich",NA,1,2,1,1,1,1.6,6.333333333333333,2.333333333333333,"low",NA,NA,NA,NA,NA,NA,NA
199,"2f6pmp1ur3cuh4la","2023-09-10T19:16:29Z","save",0,5,1,2,1,6,5,8,4,3,5,2,2,5,17,42,"weiblich",8,1,4,0,3,0,1.4,6.333333333333333,2,"low",NA,NA,NA,NA,NA,NA,NA
200,"rsb08gohfmhzuxgr","2023-09-10T19:49:44Z","save",1,5,2,4,0,2,4,5,3,3,3,3,1,2,7,32,"männlich",7,1,2,2,2,3,1.2,3.666666666666667,2.333333333333333,"low",NA,NA,NA,NA,NA,NA,NA
201,"9wangrufw2lsnvw2","2023-09-10T19:50:03Z","del",0,0,0,1,1,1,1,1,2,2,1,1,2,1,13,61,"weiblich",NA,6,5,4,4,4,2.4,1,3,"high",NA,NA,NA,NA,NA,NA,NA
202,"vrerryqnhkwq2sw6","2023-09-10T19:52:44Z","del",0,4,4,1,5,2,0,3,3,4,4,0,4,2,8,31,"weiblich",NA,2,5,1,5,3,3.2,1.666666666666667,3.333333333333333,"high",NA,NA,NA,NA,NA,NA,NA
203,"1o7d6veqs39ple8v","2023-09-10T19:57:15Z","del",1,6,1,3,1,8,8,8,2,3,4,3,1,2,14,34,"weiblich",NA,0,3,1,2,3,1.2,8,2,"low",NA,NA,NA,NA,NA,NA,NA
204,"rmro1ryqt0lsqn8l","2023-09-10T20:00:06Z","save",1,3,2,3,0,5,1,1,2,1,3,2,1,2,9,46,"weiblich",10,3,3,2,3,3,1.8,2.333333333333333,2,"low",NA,NA,NA,NA,NA,NA,NA
205,"l08x6pnlpg64xtyj","2023-09-10T20:23:59Z","del",2,4,3,4,0,10,9,10,3,4,4,2,3,4,12,37,"weiblich",NA,2,2,1,3,1,1.8,9.666666666666666,2.5,"low",NA,NA,NA,NA,NA,NA,NA
206,"0ps4tbn51h105xul","2023-09-10T21:29:25Z","save",0,4,0,3,0,8,4,9,3,3,1,2,4,4,12,59,"weiblich",13,2,3,4,3,1,1,7,3,"high",NA,NA,NA,NA,NA,NA,NA
207,"cfospha3cz0u30fn","2023-09-10T21:36:24Z","save",2,5,4,3,0,3,3,7,0,3,3,3,4,2,12,62,"weiblich",14,1,3,2,2,3,2,4.333333333333333,2.333333333333333,"low",NA,NA,NA,NA,NA,NA,NA
208,"fgtrhuhmgowp5lyo","2023-09-10T21:37:06Z","save",2,2,2,1,1,0,0,0,5,5,0,0,5,0,8,58,"männlich",9,4,5,5,5,5,2.8,0,5,"high",NA,NA,NA,NA,NA,NA,NA
209,"5ruthpbdmp4zjqdc","2023-09-11T02:49:45Z","save",4,5,3,3,5,7,4,4,4,3,4,2,3,4,10,60,"männlich",8,1,3,1,3,1,3.2,5,2.5,"low",NA,NA,NA,NA,NA,NA,NA
210,"gqkq5o9bwxfrn80u","2023-09-11T03:26:04Z","del",1,1,1,0,0,9,8,9,2,1,3,3,3,2,12,49,"weiblich",NA,5,6,2,2,3,2.6,8.666666666666666,2.166666666666667,"low",NA,NA,NA,NA,NA,NA,NA
211,"1z3slv8ug3qnoxnx","2023-09-11T03:31:16Z","del",0,2,2,4,3,2,2,2,2,1,4,3,1,4,10,62,"männlich",NA,4,2,1,2,1,2.2,2,1.333333333333333,"low",NA,NA,NA,NA,NA,NA,NA
212,"3k636gnuerhferqf","2023-09-11T03:47:19Z","save",0,5,0,6,0,6,5,5,4,4,2,1,4,2,15,55,"männlich",12,1,0,3,4,3,0.2,5.333333333333333,3.666666666666667,"high",NA,NA,NA,NA,NA,NA,NA
213,"vtdykous1nqoland","2023-09-11T03:48:00Z","del",0,6,0,6,0,10,10,8,1,2,4,4,2,3,10,51,"weiblich",NA,0,0,1,1,2,0,9.333333333333334,1.5,"low",NA,NA,NA,NA,NA,NA,NA
214,"httryvejcg8tjfmq","2023-09-11T05:51:37Z","del",1,2,2,3,1,5,5,5,4,4,3,4,4,2,5,55,"weiblich",NA,4,3,2,1,3,2.2,5,3,"high",NA,NA,NA,NA,NA,NA,NA
215,"9a78re0006fdddh4","2023-09-11T06:20:23Z","save",0,6,0,5,0,8,8,9,2,2,4,4,4,4,12,24,"weiblich",12,0,1,1,1,1,0.2,8.333333333333334,1.833333333333333,"low",NA,NA,NA,NA,NA,NA,NA
216,"fr5w9mtaw2ccrmuk","2023-09-11T06:25:18Z","save",0,2,0,4,0,6,4,5,3,2,4,2,3,3,12,54,"weiblich",9,4,2,1,3,2,1.2,5,2.333333333333333,"low",NA,NA,NA,NA,NA,NA,NA
217,"0oe8bmszkbhzfafx","2023-09-11T06:40:48Z","del",0,6,0,5,0,8,7,8,2,3,2,2,3,2,16,52,"männlich",NA,0,1,3,3,3,0.2,7.666666666666667,2.833333333333333,"high",NA,NA,NA,NA,NA,NA,NA
218,"x44njpjmsabtwg2e","2023-09-11T06:42:54Z","save",0,5,1,5,1,7,8,5,4,4,1,1,4,1,15,56,"weiblich",7,1,1,4,4,4,0.8,6.666666666666667,4,"high",NA,NA,NA,NA,NA,NA,NA
219,"ht40g833970ejbm6","2023-09-11T06:47:54Z","del",4,2,5,1,5,3,2,3,4,5,3,2,3,3,13,25,"männlich",NA,4,5,2,3,2,4.6,2.666666666666667,3.166666666666667,"high",NA,NA,NA,NA,NA,NA,NA
220,"ee1vwowcbrdok5fh","2023-09-11T07:04:44Z","del",3,3,4,0,3,5,7,4,3,4,2,3,4,2,10,23,"männlich",NA,3,6,3,2,3,3.8,5.333333333333333,3.166666666666667,"high",NA,NA,NA,NA,NA,NA,NA
221,"zlws5wqmjfnbsynt","2023-09-11T07:42:42Z","save",0,5,0,6,0,10,9,10,0,0,5,3,3,4,17,54,"weiblich",7,1,0,0,2,1,0.2,9.666666666666666,1,"low",NA,NA,NA,NA,NA,NA,NA
222,"jmrmw3mc5mhcnfz9","2023-09-11T07:52:18Z","save",1,5,0,4,3,9,3,9,1,1,3,4,1,3,13,39,"weiblich",12,1,2,2,1,2,1.4,7,1.333333333333333,"low",NA,NA,NA,NA,NA,NA,NA
223,"3v8gvn17des916np","2023-09-11T08:28:02Z","save",2,2,1,3,0,4,4,4,2,2,3,3,3,3,12,57,"männlich",9,4,3,2,2,2,2,4,2.166666666666667,"low",NA,NA,NA,NA,NA,NA,NA
224,"ryncqqfmeayn4eld","2023-09-11T08:31:57Z","del",0,6,0,5,0,10,8,10,0,0,0,4,0,3,13,36,"männlich",NA,0,1,5,1,2,0.2,9.333333333333334,1.333333333333333,"low",NA,NA,NA,NA,NA,NA,NA
225,"jug2pogjy80o3kzo","2023-09-11T08:53:36Z","del",0,1,1,4,3,8,9,8,5,5,0,0,0,0,12,50,"weiblich",NA,5,2,5,5,5,2.2,8.333333333333334,4.166666666666667,"high",NA,NA,NA,NA,NA,NA,NA
226,"n0t3jdxzy1bpxuoh","2023-09-11T08:54:38Z","save",1,2,1,6,1,10,0,10,0,1,4,3,4,5,15,56,"männlich",10,4,0,1,2,0,1.4,6.666666666666667,1.333333333333333,"low",NA,NA,NA,NA,NA,NA,NA
227,"gjzqua6c322uskhn","2023-09-11T10:09:22Z","del",4,1,1,3,6,4,0,3,5,5,1,1,3,1,10,34,"weiblich",NA,5,3,4,4,4,3.8,2.333333333333333,4.166666666666667,"high",NA,NA,NA,NA,NA,NA,NA
228,"jdnw5hmpn0v4ca1u","2023-09-11T10:31:06Z","save",4,1,4,1,3,5,5,5,4,4,1,0,4,1,6,44,"männlich",10,5,5,4,5,4,4.2,5,4.166666666666667,"high",NA,NA,NA,NA,NA,NA,NA
229,"fyarsc2yk5u8105y","2023-09-11T10:37:00Z","save",0,4,0,4,0,5,3,5,2,1,3,3,1,2,18,33,"weiblich",10,2,2,2,2,3,0.8,4.333333333333333,1.833333333333333,"low",NA,NA,NA,NA,NA,NA,NA
230,"hcxselqdbs9l9087","2023-09-11T10:46:50Z","del",1,5,2,4,4,6,5,6,5,5,1,1,5,1,14,53,"weiblich",NA,1,2,4,4,4,2,5.666666666666667,4.5,"high",NA,NA,NA,NA,NA,NA,NA
231,"n0tgtegpc3pqf5o5","2023-09-11T10:55:18Z","save",2,5,1,4,0,8,7,8,4,4,2,1,4,1,2,27,"männlich",3,1,2,3,4,4,1.2,7.666666666666667,3.833333333333333,"high",NA,NA,NA,NA,NA,NA,NA
232,"1pk6axp6jvx2szj8","2023-09-11T10:59:55Z","save",2,5,1,4,1,8,6,7,3,3,4,3,2,3,12,44,"männlich",10,1,2,1,2,2,1.4,7,2.166666666666667,"low",NA,NA,NA,NA,NA,NA,NA
233,"l8t4jm8kkmp20dvy","2023-09-11T11:11:26Z","del",0,6,0,6,0,8,8,8,4,4,2,3,2,2,12,71,"weiblich",NA,0,0,3,2,3,0,8,3,"high",NA,NA,NA,NA,NA,NA,NA
234,"7agvwcqw3c33lkjo","2023-09-11T11:11:30Z","save",0,1,1,1,2,3,3,3,0,0,0,0,0,0,5,36,"männlich",9,5,5,5,5,5,2.6,3,2.5,"low",NA,NA,NA,NA,NA,NA,NA
235,"y3obtxqetbvdt9q7","2023-09-11T11:14:30Z","save",0,2,1,2,4,7,5,3,5,4,3,3,4,3,11,59,"weiblich",12,4,4,2,2,2,2.6,5,3.166666666666667,"high",NA,NA,NA,NA,NA,NA,NA
236,"g8pk47orp4zum2o8","2023-09-11T11:18:38Z","save",4,4,3,3,4,6,6,6,2,3,3,3,3,3,11,31,"männlich",11,2,3,2,2,2,3.2,6,2.333333333333333,"low",NA,NA,NA,NA,NA,NA,NA
237,"cv227pm6d0v0d52q","2023-09-11T11:19:51Z","save",0,3,0,6,1,10,10,8,3,3,4,3,2,2,13,55,"weiblich",10,3,0,1,2,3,0.8,9.333333333333334,2.333333333333333,"low",NA,NA,NA,NA,NA,NA,NA
238,"blgazwjrbcbxevth","2023-09-11T11:20:42Z","del",3,2,6,1,0,7,6,5,3,4,2,2,3,2,16,62,"weiblich",NA,4,5,3,3,3,3.6,6,3.166666666666667,"high",NA,NA,NA,NA,NA,NA,NA
239,"cx1byxhy6kg87b1l","2023-09-11T11:25:15Z","del",0,4,2,2,3,4,3,3,1,2,0,3,1,2,17,32,"männlich",NA,2,4,5,2,3,2.2,3.333333333333333,2.333333333333333,"low",NA,NA,NA,NA,NA,NA,NA
240,"c0oce4tmfl4ajul8","2023-09-11T11:27:25Z","save",3,3,3,4,0,8,7,7,3,3,2,3,3,2,10,61,"weiblich",9,3,2,3,2,3,2.2,7.333333333333333,2.833333333333333,"high",NA,NA,NA,NA,NA,NA,NA
241,"o03k0vtb81zn5clp","2023-09-11T11:27:44Z","save",1,5,1,6,0,9,9,9,3,3,4,2,3,3,7,55,"weiblich",8,1,0,1,3,2,0.6,9,2.5,"low",NA,NA,NA,NA,NA,NA,NA
242,"gpdkv1agz6lj14hm","2023-09-11T11:27:54Z","del",6,4,0,5,0,7,5,6,2,1,2,1,3,2,12,58,"weiblich",NA,2,1,3,4,3,1.8,6,2.666666666666667,"low",NA,NA,NA,NA,NA,NA,NA
243,"gfllsab5mxhxcbjz","2023-09-11T11:27:59Z","save",0,6,0,6,0,10,10,10,3,2,3,3,3,3,11,46,"männlich",11,0,0,2,2,2,0,10,2.333333333333333,"low",NA,NA,NA,NA,NA,NA,NA
244,"2n7vn5uax7py51as","2023-09-11T11:28:55Z","save",1,5,0,5,0,9,9,9,5,5,1,3,1,2,10,49,"männlich",11,1,1,4,2,3,0.6,9,3.333333333333333,"high",NA,NA,NA,NA,NA,NA,NA
245,"qomu7ylkr2rv0oko","2023-09-11T11:29:16Z","del",0,5,1,5,0,8,6,7,4,4,3,1,4,1,7,48,"weiblich",NA,1,1,2,4,4,0.6,7,3.666666666666667,"high",NA,NA,NA,NA,NA,NA,NA
246,"kncmzodochu7z0h8","2023-09-11T11:29:41Z","del",3,5,3,4,3,2,4,6,1,2,0,3,3,4,10,28,"weiblich",NA,1,2,5,2,1,2.4,4,2.333333333333333,"low",NA,NA,NA,NA,NA,NA,NA
247,"t9vjglwcat23ms47","2023-09-11T11:30:05Z","del",0,5,3,1,0,3,3,3,2,4,5,2,3,5,11,29,"weiblich",NA,1,5,0,3,0,1.8,3,2,"low",NA,NA,NA,NA,NA,NA,NA
248,"2q7g6h939h6ngvl9","2023-09-11T11:30:10Z","del",0,5,0,5,0,3,6,6,5,5,3,3,0,3,5,28,"weiblich",NA,1,1,2,2,2,0.4,5,2.666666666666667,"low",NA,NA,NA,NA,NA,NA,NA
249,"lhp0g091390x4w5u","2023-09-11T11:30:21Z","del",0,6,0,6,0,10,9,9,4,3,3,2,3,3,10,57,"weiblich",NA,0,0,2,3,2,0,9.333333333333334,2.833333333333333,"high",NA,NA,NA,NA,NA,NA,NA
250,"bzhxm6yps4oh8wfk","2023-09-11T11:30:38Z","save",0,3,0,4,0,8,8,8,5,5,2,2,4,2,13,30,"weiblich",13,3,2,3,3,3,1,8,3.833333333333333,"high",NA,NA,NA,NA,NA,NA,NA
251,"pl5xlymwpads1ck1","2023-09-11T11:31:22Z","save",0,5,0,5,0,10,10,10,3,3,3,2,3,3,10,28,"weiblich",7,1,1,2,3,2,0.4,10,2.666666666666667,"low",NA,NA,NA,NA,NA,NA,NA
252,"6p4sb9sny4eouwlf","2023-09-11T11:31:49Z","save",3,4,1,3,0,2,2,6,0,1,4,4,1,4,12,50,"weiblich",12,2,3,1,1,1,1.8,3.333333333333333,0.833333333333333,"low",NA,NA,NA,NA,NA,NA,NA
253,"ak5fjkc489xj4n3z","2023-09-11T11:31:56Z","del",3,5,2,6,0,10,8,10,4,4,2,4,2,3,11,23,"weiblich",NA,1,0,3,1,2,1.2,9.333333333333334,2.666666666666667,"low",NA,NA,NA,NA,NA,NA,NA
254,"v0zk49s6xqaeppaw","2023-09-11T11:32:17Z","del",0,4,0,4,0,6,6,6,4,4,2,2,2,2,15,46,"weiblich",NA,2,2,3,3,3,0.8,6,3.166666666666667,"high",NA,NA,NA,NA,NA,NA,NA
255,"aw4bgmjdkjkuy8ms","2023-09-11T11:32:30Z","save",2,5,2,4,2,6,6,6,2,3,3,2,2,3,9,39,"weiblich",11,1,2,2,3,2,1.8,6,2.333333333333333,"low",NA,NA,NA,NA,NA,NA,NA
256,"4cp7e3avmgnbx5ol","2023-09-11T11:32:44Z","save",0,4,0,5,0,9,8,8,3,4,1,1,3,0,10,39,"weiblich",12,2,1,4,4,5,0.6,8.333333333333334,3.833333333333333,"high",NA,NA,NA,NA,NA,NA,NA
257,"6axrksmo9sx75pq1","2023-09-11T11:34:05Z","del",0,0,0,0,0,6,6,6,5,4,3,2,1,0,20,19,"divers",NA,6,6,2,3,5,2.4,6,3.333333333333333,"high",NA,NA,NA,NA,NA,NA,NA
258,"zntn1oywah4azg93","2023-09-11T11:39:49Z","save",0,6,0,6,0,9,8,9,3,3,3,2,2,3,10,44,"weiblich",11,0,0,2,3,2,0,8.666666666666666,2.5,"low",NA,NA,NA,NA,NA,NA,NA
259,"x44pyjl2otzmn41d","2023-09-11T11:42:07Z","save",4,4,3,2,0,8,6,7,4,4,3,2,3,2,7,30,"weiblich",11,2,4,2,3,3,2.6,7,3.166666666666667,"high",NA,NA,NA,NA,NA,NA,NA
260,"wc3qkudncr6lrowx","2023-09-11T11:43:01Z","save",3,3,3,3,3,2,2,2,3,3,2,3,3,2,10,49,"weiblich",8,3,3,3,2,3,3,2,2.833333333333333,"high",NA,NA,NA,NA,NA,NA,NA
261,"52wh4lm8g9q08kbu","2023-09-11T11:43:47Z","del",5,0,6,0,3,3,3,3,5,4,1,1,4,1,7,32,"weiblich",NA,6,6,4,4,4,5.2,3,4.166666666666667,"high",NA,NA,NA,NA,NA,NA,NA
262,"w2v99oyl0fl71wbo","2023-09-11T11:45:22Z","del",0,5,0,5,0,8,7,8,3,3,4,2,3,2,14,48,"weiblich",NA,1,1,1,3,3,0.4,7.666666666666667,2.666666666666667,"low",NA,NA,NA,NA,NA,NA,NA
263,"mo6f8q0juf5xj8d5","2023-09-11T11:46:03Z","save",4,4,1,5,0,7,7,6,4,4,4,2,1,1,12,40,"weiblich",12,2,1,1,3,4,1.6,6.666666666666667,2.833333333333333,"high",NA,NA,NA,NA,NA,NA,NA
264,"w4ux5cy08ph2yu5m","2023-09-11T11:47:59Z","del",5,3,5,2,6,5,5,6,3,4,3,4,3,4,8,39,"weiblich",NA,3,4,2,1,1,4.6,5.333333333333333,2.333333333333333,"low",NA,NA,NA,NA,NA,NA,NA
265,"yqww0h5m3kb2fa3m","2023-09-11T11:48:12Z","del",0,5,1,5,0,9,9,9,0,2,4,3,2,4,14,63,"weiblich",NA,1,1,1,2,1,0.6,9,1.333333333333333,"low",NA,NA,NA,NA,NA,NA,NA
266,"bxvyeosna02dm704","2023-09-11T11:49:22Z","save",4,4,0,2,1,9,10,8,4,3,4,2,4,3,12,46,"weiblich",8,2,4,1,3,2,2.2,9,2.833333333333333,"high",NA,NA,NA,NA,NA,NA,NA
267,"y8lllf8o8nf3nk97","2023-09-11T11:51:23Z","del",4,3,0,2,3,4,3,4,5,4,4,3,3,4,11,29,"weiblich",NA,3,4,1,2,1,2.8,3.666666666666667,2.666666666666667,"low",NA,NA,NA,NA,NA,NA,NA
268,"ea04sc783ucjezpx","2023-09-11T11:53:30Z","save",3,3,6,0,3,5,3,5,1,2,2,3,3,2,12,43,"männlich",12,3,6,3,2,3,4.2,4.333333333333333,2.333333333333333,"low",NA,NA,NA,NA,NA,NA,NA
269,"f5m9fmrbwzuq3722","2023-09-11T11:54:14Z","del",0,3,2,5,0,9,9,9,2,3,3,2,3,4,11,56,"weiblich",NA,3,1,2,3,1,1.2,9,2.333333333333333,"low",NA,NA,NA,NA,NA,NA,NA
270,"jy2bb3qs8ym5tzdt","2023-09-11T11:54:50Z","save",0,4,0,4,0,8,7,8,2,4,4,3,3,3,17,52,"weiblich",13,2,2,1,2,2,0.8,7.666666666666667,2.333333333333333,"low",NA,NA,NA,NA,NA,NA,NA
271,"dq9akj1aga0wb6o7","2023-09-11T11:55:31Z","save",0,5,1,4,0,7,6,7,2,2,1,2,2,2,15,49,"weiblich",12,1,2,4,3,3,0.8,6.666666666666667,2.666666666666667,"low",NA,NA,NA,NA,NA,NA,NA
272,"zdbwtv0sbzd70pes","2023-09-11T11:55:42Z","save",2,1,2,3,2,4,5,4,3,3,3,0,3,1,8,29,"weiblich",9,5,3,2,5,4,2.8,4.333333333333333,3.333333333333333,"high",NA,NA,NA,NA,NA,NA,NA
273,"oz27bhly95p80dxq","2023-09-11T12:01:24Z","save",4,0,0,0,0,0,0,0,4,4,5,3,4,4,15,43,"weiblich",11,6,6,0,2,1,3.2,0,2.5,"low",NA,NA,NA,NA,NA,NA,NA
274,"z9o046cqn7saa5pd","2023-09-11T12:02:01Z","save",1,6,0,4,4,7,0,4,3,3,0,3,3,1,12,29,"männlich",11,0,2,5,2,4,1.4,3.666666666666667,3.333333333333333,"high",NA,NA,NA,NA,NA,NA,NA
275,"khbmlvuy0nhgtwab","2023-09-11T12:04:29Z","del",4,3,3,4,3,1,1,1,3,3,2,2,3,2,10,47,"männlich",NA,3,2,3,3,3,3,1,3,"high",NA,NA,NA,NA,NA,NA,NA
276,"457pewyhs8ubb2hr","2023-09-11T12:07:02Z","save",2,5,1,5,0,2,2,6,4,4,2,2,2,2,10,30,"männlich",7,1,1,3,3,3,1,3.333333333333333,3.166666666666667,"high",NA,NA,NA,NA,NA,NA,NA
277,"l5oztk6ckj3n5a8a","2023-09-11T12:14:15Z","save",1,5,1,4,0,9,7,8,3,3,4,2,1,4,15,40,"weiblich",11,1,2,1,3,1,1,8,2,"low",NA,NA,NA,NA,NA,NA,NA
278,"l3yaocll5urbv7ye","2023-09-11T12:16:38Z","del",6,4,6,1,3,6,5,6,3,2,4,4,2,3,8,64,"weiblich",NA,2,5,1,1,2,4.4,5.666666666666667,1.833333333333333,"low",NA,NA,NA,NA,NA,NA,NA
279,"too3dv1hrpq55h12","2023-09-11T12:17:52Z","save",0,6,0,4,0,9,6,8,2,0,2,2,3,2,20,59,"weiblich",11,0,2,3,3,3,0.4,7.666666666666667,2.333333333333333,"low",NA,NA,NA,NA,NA,NA,NA
280,"3ez5l2kqoj7535mh","2023-09-11T12:20:36Z","save",0,6,0,6,0,10,10,10,4,5,3,4,3,3,20,51,"weiblich",13,0,0,2,1,2,0,10,2.833333333333333,"high",NA,NA,NA,NA,NA,NA,NA
281,"pe43xxspy6x9omjv","2023-09-11T12:20:40Z","del",2,3,1,3,0,5,4,5,4,4,2,3,4,2,8,35,"weiblich",NA,3,3,3,2,3,1.8,4.666666666666667,3.333333333333333,"high",NA,NA,NA,NA,NA,NA,NA
282,"qsw3q5xn90qqvw45","2023-09-11T12:24:50Z","del",2,4,2,1,0,3,2,3,4,3,2,2,4,1,10,45,"weiblich",NA,2,5,3,3,4,2.2,2.666666666666667,3.5,"high",NA,NA,NA,NA,NA,NA,NA
283,"yzcwvcsva7jayy4n","2023-09-11T12:25:30Z","save",0,6,0,1,0,9,5,6,0,0,3,5,1,5,10,30,"männlich",10,0,5,2,0,0,1,6.666666666666667,0.5,"low",NA,NA,NA,NA,NA,NA,NA
284,"zyuxxd2vj6pl92xp","2023-09-11T12:25:47Z","del",2,2,3,3,2,4,4,3,2,2,1,2,1,2,10,54,"weiblich",NA,4,3,4,3,3,2.8,3.666666666666667,2.5,"low",NA,NA,NA,NA,NA,NA,NA
285,"7yhpn7djfud0nsfu","2023-09-11T12:26:39Z","del",0,0,0,0,0,3,3,3,4,4,3,1,2,3,9,30,"weiblich",NA,6,6,2,4,2,2.4,3,3,"high",NA,NA,NA,NA,NA,NA,NA
286,"ob8q7dldlejuulry","2023-09-11T12:27:43Z","del",0,6,0,6,0,10,10,10,0,3,0,2,3,0,15,36,"weiblich",NA,0,0,5,3,5,0,10,3.166666666666667,"high",NA,NA,NA,NA,NA,NA,NA
287,"zbgszkjwf1394gpn","2023-09-11T12:28:04Z","del",0,4,0,4,0,8,7,8,4,4,3,2,1,2,13,32,"weiblich",NA,2,2,2,3,3,0.8,7.666666666666667,2.833333333333333,"high",NA,NA,NA,NA,NA,NA,NA
288,"ct0kgkjka0n127lb","2023-09-11T12:28:17Z","del",0,5,0,5,0,8,9,8,2,3,3,4,3,3,7,56,"männlich",NA,1,1,2,1,2,0.4,8.333333333333334,2.166666666666667,"low",NA,NA,NA,NA,NA,NA,NA
289,"wf1bwjwlpj6ve9d0","2023-09-11T12:30:50Z","save",1,1,1,1,0,2,2,2,3,3,4,3,2,3,8,63,"weiblich",8,5,5,1,2,2,2.4,2,2.166666666666667,"low",NA,NA,NA,NA,NA,NA,NA
290,"vm8jhboszs9kq0zc","2023-09-11T12:31:28Z","save",3,5,4,3,0,7,6,6,2,2,2,3,2,3,16,32,"weiblich",12,1,3,3,2,2,2.2,6.333333333333333,2.166666666666667,"low",NA,NA,NA,NA,NA,NA,NA
291,"vr49jnndtfgwww3r","2023-09-11T12:35:18Z","del",0,4,0,5,0,8,6,8,4,4,2,1,4,2,13,39,"männlich",NA,2,1,3,4,3,0.6,7.333333333333333,3.666666666666667,"high",NA,NA,NA,NA,NA,NA,NA
292,"7y9ksl2lefya05u1","2023-09-11T12:47:15Z","del",0,5,1,2,4,4,4,6,4,4,2,1,1,1,15,28,"weiblich",NA,1,4,3,4,4,2,4.666666666666667,3.333333333333333,"high",NA,NA,NA,NA,NA,NA,NA
293,"wkcpd9k66o3teaaa","2023-09-11T12:47:33Z","del",0,3,0,4,0,4,1,4,0,0,4,4,0,3,13,44,"männlich",NA,3,2,1,1,2,1,3,0.666666666666667,"low",NA,NA,NA,NA,NA,NA,NA
294,"uuz3runs5ejx9sgf","2023-09-11T13:00:10Z","save",0,0,0,6,0,9,8,9,1,1,3,2,3,2,12,58,"männlich",12,6,0,2,3,3,1.2,8.666666666666666,2.166666666666667,"low",NA,NA,NA,NA,NA,NA,NA
295,"b767ef863v0z5dv2","2023-09-11T13:00:55Z","save",1,4,2,4,1,7,8,8,3,3,4,3,4,3,5,44,"männlich",10,2,2,1,2,2,1.6,7.666666666666667,2.5,"low",NA,NA,NA,NA,NA,NA,NA
296,"nlm4gfy4ygoejjod","2023-09-11T13:03:08Z","del",1,5,0,5,0,8,8,10,3,4,3,2,3,3,15,32,"männlich",NA,1,1,2,3,2,0.6,8.666666666666666,2.833333333333333,"high",NA,NA,NA,NA,NA,NA,NA
297,"m43bma0u3n1vz5z4","2023-09-11T13:04:34Z","save",0,6,0,5,0,9,7,9,2,2,4,4,3,4,10,60,"weiblich",7,0,1,1,1,1,0.2,8.333333333333334,1.666666666666667,"low",NA,NA,NA,NA,NA,NA,NA
298,"oqhqxw9umueauvax","2023-09-11T13:06:22Z","del",0,3,0,4,0,9,3,3,4,4,2,2,3,4,10,50,"männlich",NA,3,2,3,3,1,1,5,3,"high",NA,NA,NA,NA,NA,NA,NA
299,"fklkuj3k6ewea1ta","2023-09-11T13:12:21Z","del",3,2,3,2,0,6,4,4,4,4,2,2,2,2,15,43,"weiblich",NA,4,4,3,3,3,2.8,4.666666666666667,3.166666666666667,"high",NA,NA,NA,NA,NA,NA,NA
300,"u62pmvr4dq7rfzdf","2023-09-11T13:15:15Z","del",0,0,6,0,6,10,10,10,2,2,3,3,2,3,10,56,"weiblich",NA,6,6,2,2,2,4.8,10,2,"low",NA,NA,NA,NA,NA,NA,NA
301,"qoczvhd9zbq4cy0l","2023-09-11T13:28:32Z","save",0,0,0,1,0,0,0,0,3,3,3,4,1,4,10,32,"männlich",9,6,5,2,1,1,2.2,0,1.833333333333333,"low",NA,NA,NA,NA,NA,NA,NA
302,"y6uuffftjeljfckc","2023-09-11T13:31:46Z","del",0,1,0,1,1,3,3,3,3,2,5,4,2,4,15,55,"weiblich",NA,5,5,0,1,1,2.2,3,1.5,"low",NA,NA,NA,NA,NA,NA,NA
303,"ygxmuv5bzck13zt1","2023-09-11T13:59:08Z","del",0,5,0,4,0,10,8,10,3,5,2,2,3,2,13,37,"weiblich",NA,1,2,3,3,3,0.6,9.333333333333334,3.333333333333333,"high",NA,NA,NA,NA,NA,NA,NA
304,"syrkky1j41accbtd","2023-09-11T14:03:15Z","save",4,4,0,0,2,7,1,1,3,3,1,1,4,1,15,65,"weiblich",11,2,6,4,4,4,2.8,3,3.666666666666667,"high",NA,NA,NA,NA,NA,NA,NA
305,"c1ugcmkg2k7rh8bj","2023-09-11T14:18:52Z","save",6,3,6,0,6,0,0,0,4,4,2,1,4,0,7,51,"weiblich",7,3,6,3,4,5,5.4,0,4,"high",NA,NA,NA,NA,NA,NA,NA
306,"w0u878v8bd32b1b4","2023-09-11T14:20:37Z","del",2,4,5,2,2,3,3,3,4,3,2,3,2,2,14,36,"männlich",NA,2,4,3,2,3,3,3,2.833333333333333,"high",NA,NA,NA,NA,NA,NA,NA
307,"je6c8esxydtmp9ww","2023-09-11T14:31:20Z","save",2,4,0,4,0,6,5,6,4,4,5,2,3,4,8,49,"weiblich",8,2,2,0,3,1,1.2,5.666666666666667,2.5,"low",NA,NA,NA,NA,NA,NA,NA
308,"n8b4o8pave3zqevg","2023-09-11T14:50:45Z","save",1,5,1,5,0,5,5,7,3,3,5,3,2,4,14,48,"weiblich",11,1,1,0,2,1,0.8,5.666666666666667,1.833333333333333,"low",NA,NA,NA,NA,NA,NA,NA
309,"b6ohu0z9mobgy9yf","2023-09-11T14:56:58Z","save",4,5,4,5,0,3,3,4,0,2,3,3,3,2,15,39,"weiblich",12,1,1,2,2,3,2,3.333333333333333,2,"low",NA,NA,NA,NA,NA,NA,NA
310,"5k3xzzo3hnkfus29","2023-09-11T15:05:18Z","del",2,2,2,2,2,4,4,5,4,4,1,2,2,1,10,26,"weiblich",NA,4,4,4,3,4,2.8,4.333333333333333,3.5,"high",NA,NA,NA,NA,NA,NA,NA
311,"x8fv4ohhr9hvkm63","2023-09-11T15:57:49Z","del",2,2,4,2,4,4,3,4,4,5,3,1,3,3,10,42,"weiblich",NA,4,4,2,4,2,3.6,3.666666666666667,3.333333333333333,"high",NA,NA,NA,NA,NA,NA,NA
312,"fubtaxep79ruzsy0","2023-09-11T16:16:24Z","del",0,6,0,6,0,10,10,10,5,5,1,1,4,1,15,46,"männlich",NA,0,0,4,4,4,0,10,4.333333333333333,"high",NA,NA,NA,NA,NA,NA,NA
313,"2mgh5g11vzhh017y","2023-09-11T17:55:57Z","del",0,4,1,5,0,6,4,8,2,3,3,2,2,3,12,35,"weiblich",NA,2,1,2,3,2,0.8,6,2.333333333333333,"low",NA,NA,NA,NA,NA,NA,NA
314,"fpt95apad875lqe0","2023-09-11T17:57:28Z","del",5,5,5,4,4,2,2,0,1,2,3,3,1,4,13,37,"männlich",NA,1,2,2,2,1,3.4,1.333333333333333,1.5,"low",NA,NA,NA,NA,NA,NA,NA
315,"z1ygqwy31n8qguxt","2023-09-11T18:45:59Z","del",3,4,2,4,1,8,8,8,4,4,3,1,3,1,10,31,"weiblich",NA,2,2,2,4,4,2,8,3.5,"high",NA,NA,NA,NA,NA,NA,NA
316,"913lehl5f88otzw0","2023-09-11T18:59:03Z","del",0,4,0,5,0,8,8,8,2,3,3,3,1,3,15,36,"weiblich",NA,2,1,2,2,2,0.6,8,2,"low",NA,NA,NA,NA,NA,NA,NA
317,"uc9saasee1fhzunl","2023-09-11T19:06:15Z","del",0,5,0,6,0,10,10,10,4,1,4,4,1,3,8,60,"weiblich",NA,1,0,1,1,2,0.2,10,1.666666666666667,"low",NA,NA,NA,NA,NA,NA,NA
318,"l2t2xx19m62gf21c","2023-09-11T19:10:18Z","del",4,3,4,3,2,8,7,7,3,4,4,2,2,2,15,37,"weiblich",NA,3,3,1,3,3,3.2,7.333333333333333,2.666666666666667,"low",NA,NA,NA,NA,NA,NA,NA
319,"bnvl6vmwv871ly4l","2023-09-11T19:34:41Z","del",0,0,2,5,5,4,4,4,2,3,3,2,4,4,18,56,"männlich",NA,6,1,2,3,1,2.8,4,2.5,"low",NA,NA,NA,NA,NA,NA,NA
320,"24vryy7p5g5ym287","2023-09-11T19:45:06Z","del",0,3,0,4,1,5,5,7,5,5,3,1,4,1,7,23,"weiblich",NA,3,2,2,4,4,1.2,5.666666666666667,4,"high",NA,NA,NA,NA,NA,NA,NA
321,"0ucxebmsbkdsyy1r","2023-09-11T19:46:32Z","del",4,4,0,3,2,7,4,10,2,3,3,3,4,3,18,25,"weiblich",NA,2,3,2,2,2,2.2,7,2.5,"low",NA,NA,NA,NA,NA,NA,NA
322,"9xxaj671kt463fwv","2023-09-11T20:54:20Z","save",0,5,0,6,0,9,8,10,4,3,5,3,4,3,12,33,"weiblich",9,1,0,0,2,2,0.2,9,2.5,"low",NA,NA,NA,NA,NA,NA,NA
323,"g8y4hys5z52yxpoq","2023-09-11T21:04:28Z","del",0,4,1,5,0,2,1,7,1,0,3,1,5,4,9,37,"divers",NA,2,1,2,4,1,0.8,3.333333333333333,2.166666666666667,"low",NA,NA,NA,NA,NA,NA,NA
324,"mycl9tcrvn9ltj9u","2023-09-11T21:15:32Z","save",5,2,3,4,1,4,3,3,2,3,3,1,2,2,8,23,"weiblich",9,4,2,2,4,3,3,3.333333333333333,2.666666666666667,"low",NA,NA,NA,NA,NA,NA,NA
325,"lvj20o2j3unkzd58","2023-09-11T22:34:20Z","del",0,3,0,2,0,4,4,4,2,4,1,3,0,3,8,50,"männlich",NA,3,4,4,2,2,1.4,4,2.333333333333333,"low",NA,NA,NA,NA,NA,NA,NA
326,"0mo9bxtevnqona28","2023-09-12T04:48:34Z","del",0,1,0,6,0,10,5,5,2,3,2,3,3,1,18,59,"weiblich",NA,5,0,3,2,4,1,6.666666666666667,2.833333333333333,"high",NA,NA,NA,NA,NA,NA,NA
327,"tddqsabnmteo6vwx","2023-09-12T05:21:42Z","save",5,4,0,4,0,8,7,8,4,4,2,2,2,2,12,40,"weiblich",14,2,2,3,3,3,1.8,7.666666666666667,3.166666666666667,"high",NA,NA,NA,NA,NA,NA,NA
328,"e2eacs1zjkgtexxg","2023-09-12T05:29:24Z","del",0,4,0,4,0,7,8,7,3,3,2,2,3,2,15,47,"weiblich",NA,2,2,3,3,3,0.8,7.333333333333333,3,"high",NA,NA,NA,NA,NA,NA,NA
329,"5epgd6npulpobjd0","2023-09-12T05:51:42Z","save",0,5,1,5,0,9,9,9,3,3,4,3,2,3,17,47,"weiblich",7,1,1,1,2,2,0.6,9,2.166666666666667,"low",NA,NA,NA,NA,NA,NA,NA
330,"1tgjl9elpyolu13k","2023-09-12T06:05:58Z","del",0,4,0,4,0,5,5,5,1,2,3,4,4,4,10,44,"männlich",NA,2,2,2,1,1,0.8,5,1.833333333333333,"low",NA,NA,NA,NA,NA,NA,NA
331,"qocygt02p0ok456h","2023-09-12T06:11:59Z","save",1,3,2,4,1,5,4,4,4,4,2,2,3,2,15,35,"weiblich",15,3,2,3,3,3,1.8,4.333333333333333,3.333333333333333,"high",NA,NA,NA,NA,NA,NA,NA
332,"e3j59ejmz2rg7cc2","2023-09-12T06:17:07Z","save",0,3,0,5,0,7,7,7,4,4,1,1,1,1,7,52,"weiblich",12,3,1,4,4,4,0.8,7,3.5,"high",NA,NA,NA,NA,NA,NA,NA
333,"noz1a4wko0xc398n","2023-09-12T06:20:50Z","del",0,5,0,6,0,6,4,9,5,5,2,2,4,2,10,46,"weiblich",NA,1,0,3,3,3,0.2,6.333333333333333,3.833333333333333,"high",NA,NA,NA,NA,NA,NA,NA
334,"6to57hxz3le7dh5g","2023-09-12T06:22:41Z","del",1,4,2,3,3,4,4,4,2,2,3,3,2,3,10,43,"weiblich",NA,2,3,2,2,2,2.2,4,2,"low",NA,NA,NA,NA,NA,NA,NA
335,"5887mpw1fcdkxts4","2023-09-12T06:26:50Z","del",0,4,0,2,0,8,6,8,3,4,2,2,4,2,12,48,"weiblich",NA,2,4,3,3,3,1.2,7.333333333333333,3.333333333333333,"high",NA,NA,NA,NA,NA,NA,NA
336,"65ux76mtwus2mjzm","2023-09-12T06:26:59Z","del",3,3,1,2,3,4,2,2,3,3,4,2,4,3,10,51,"weiblich",NA,3,4,1,3,2,2.8,2.666666666666667,2.666666666666667,"low",NA,NA,NA,NA,NA,NA,NA
337,"w2mllmvgd3f035gw","2023-09-12T07:17:31Z","del",0,5,0,5,0,9,9,9,1,1,4,4,1,4,12,40,"weiblich",NA,1,1,1,1,1,0.4,9,1,"low",NA,NA,NA,NA,NA,NA,NA
338,"l4wrzmvhymy09n09","2023-09-12T07:29:25Z","del",4,4,1,3,1,7,8,8,4,5,3,1,3,3,15,38,"weiblich",NA,2,3,2,4,2,2.2,7.666666666666667,3.333333333333333,"high",NA,NA,NA,NA,NA,NA,NA
339,"uzr595oyylkrpjkl","2023-09-12T07:35:37Z","save",0,4,1,4,0,7,6,7,3,4,2,2,3,2,15,50,"weiblich",7,2,2,3,3,3,1,6.666666666666667,3.166666666666667,"high",NA,NA,NA,NA,NA,NA,NA
340,"5u2qu5s584qyzd70","2023-09-12T07:49:41Z","save",0,3,0,4,0,5,5,5,4,4,2,3,2,2,10,57,"weiblich",9,3,2,3,2,3,1,5,3,"high",NA,NA,NA,NA,NA,NA,NA
341,"rswu58vh5tk8uc2u","2023-09-12T08:07:29Z","del",0,2,0,0,0,5,3,3,2,4,1,1,1,2,5,44,"männlich",NA,4,6,4,4,3,2,3.666666666666667,3,"high",NA,NA,NA,NA,NA,NA,NA
342,"o4zhc79m9tt8bjzo","2023-09-12T08:08:46Z","del",2,4,1,5,0,8,7,9,4,3,4,2,1,1,12,50,"männlich",NA,2,1,1,3,4,1.2,8,2.666666666666667,"low",NA,NA,NA,NA,NA,NA,NA
343,"t4bfv0qzqw0q7ukw","2023-09-12T08:16:15Z","save",1,4,1,4,1,5,5,5,5,5,5,0,5,1,12,53,"weiblich",10,2,2,0,5,4,1.4,5,4,"high",NA,NA,NA,NA,NA,NA,NA
344,"owmqsu6xflzfhjhh","2023-09-12T08:29:54Z","save",0,6,0,6,0,10,10,9,4,4,1,2,3,2,15,56,"weiblich",12,0,0,4,3,3,0,9.666666666666666,3.5,"high",NA,NA,NA,NA,NA,NA,NA
345,"fwuwyyvw67d4l8dl","2023-09-12T08:42:10Z","save",0,0,0,0,0,0,0,0,0,0,0,0,0,0,0,7,"männlich",7,6,6,5,5,5,2.4,0,2.5,"low",NA,NA,NA,NA,NA,NA,NA
346,"df7cef42ap6ansko","2023-09-12T08:58:34Z","save",4,4,1,5,0,7,7,8,1,1,5,5,0,5,15,34,"weiblich",13,2,1,0,0,0,1.6,7.333333333333333,0.333333333333333,"low",NA,NA,NA,NA,NA,NA,NA
347,"5zsgw8dl438n8hxg","2023-09-12T09:00:40Z","del",2,5,3,3,1,8,6,7,4,4,2,2,4,2,7,36,"weiblich",NA,1,3,3,3,3,2,7,3.5,"high",NA,NA,NA,NA,NA,NA,NA
348,"foncs370ky8lxcq0","2023-09-12T10:43:35Z","save",0,4,0,4,0,5,5,5,4,4,1,1,3,2,6,61,"weiblich",6,2,2,4,4,3,0.8,5,3.666666666666667,"high",NA,NA,NA,NA,NA,NA,NA
349,"btrma4o0vmlng0km","2023-09-12T11:17:53Z","del",0,2,0,0,0,3,1,3,4,4,2,1,4,1,10,27,"weiblich",NA,4,6,3,4,4,2,2.333333333333333,3.833333333333333,"high",NA,NA,NA,NA,NA,NA,NA
350,"vf4ksty17dnyq3t2","2023-09-12T11:26:35Z","save",0,4,2,5,0,8,6,8,5,5,2,0,5,1,10,36,"weiblich",11,2,1,3,5,4,1,7.333333333333333,4.5,"high",NA,NA,NA,NA,NA,NA,NA
351,"klcah6ynazk4ma4a","2023-09-12T11:54:45Z","save",0,5,0,6,0,8,7,8,3,5,4,1,5,4,17,58,"weiblich",14,1,0,1,4,1,0.2,7.666666666666667,3.166666666666667,"high",NA,NA,NA,NA,NA,NA,NA
352,"p3htbt3en7gj61yh","2023-09-12T12:01:34Z","save",0,6,0,6,0,10,10,10,3,3,3,4,2,3,15,33,"männlich",9,0,0,2,1,2,0,10,2.166666666666667,"low",NA,NA,NA,NA,NA,NA,NA
353,"z1tn9eswg3hxkdcd","2023-09-12T12:05:58Z","del",0,6,1,5,0,8,6,8,3,4,1,2,1,0,12,39,"weiblich",NA,0,1,4,3,5,0.4,7.333333333333333,3.333333333333333,"high",NA,NA,NA,NA,NA,NA,NA
354,"rnbonsmqkrbzwb0k","2023-09-12T12:50:24Z","save",0,5,0,3,0,8,7,7,5,5,2,2,3,2,13,25,"weiblich",9,1,3,3,3,3,0.8,7.333333333333333,3.666666666666667,"high",NA,NA,NA,NA,NA,NA,NA
355,"9b3hlclrfy5sgsak","2023-09-12T14:09:10Z","save",0,6,3,3,0,5,5,5,4,5,4,2,3,2,15,53,"weiblich",12,0,3,1,3,3,1.2,5,3.166666666666667,"high",NA,NA,NA,NA,NA,NA,NA
356,"ov5qln2ojexcg89y","2023-09-12T15:53:57Z","del",0,5,0,6,0,10,10,10,5,3,5,4,5,5,20,62,"weiblich",NA,1,0,0,1,0,0.2,10,2.333333333333333,"low",NA,NA,NA,NA,NA,NA,NA
357,"pws42cvbzlr0tbag","2023-09-12T15:56:55Z","save",0,6,0,6,0,10,5,8,1,2,4,4,3,4,19,63,"weiblich",10,0,0,1,1,1,0,7.666666666666667,1.5,"low",NA,NA,NA,NA,NA,NA,NA
358,"uoy197p9htdasr5p","2023-09-12T16:01:37Z","del",0,0,0,0,4,8,10,8,3,3,4,3,2,2,16,55,"männlich",NA,6,6,1,2,3,3.2,8.666666666666666,2.333333333333333,"low",NA,NA,NA,NA,NA,NA,NA
359,"r1mbbu3b0u3efaou","2023-09-12T16:24:01Z","del",0,6,0,6,0,9,5,7,4,4,1,0,1,1,16,65,"weiblich",NA,0,0,4,5,4,0,7,3.666666666666667,"high",NA,NA,NA,NA,NA,NA,NA
360,"ud5xfu64b01sc6pe","2023-09-12T16:51:56Z","del",4,1,5,1,3,0,0,0,4,2,3,1,2,3,10,40,"weiblich",NA,5,5,2,4,2,4.4,0,2.666666666666667,"low",NA,NA,NA,NA,NA,NA,NA
361,"3ee51ud3gewheep7","2023-09-12T17:17:15Z","del",4,5,1,3,0,8,9,9,5,3,1,1,5,1,10,25,"weiblich",NA,1,3,4,4,4,1.8,8.666666666666666,4.166666666666667,"high",NA,NA,NA,NA,NA,NA,NA
362,"4n62ufdt66nddm4y","2023-09-12T17:25:13Z","save",3,3,0,5,0,7,7,7,2,3,5,2,2,1,10,28,"weiblich",10,3,1,0,3,4,1.4,7,2.333333333333333,"low",NA,NA,NA,NA,NA,NA,NA
363,"m59k9qxssh3o56bc","2023-09-12T17:25:46Z","save",4,2,5,1,3,4,3,5,4,5,1,2,4,1,4,17,"weiblich",12,4,5,4,3,4,4.2,4,4,"high",NA,NA,NA,NA,NA,NA,NA
364,"y5ezu1ku7m5tznmg","2023-09-12T17:27:54Z","save",2,6,1,2,0,8,0,5,3,3,4,4,3,1,13,36,"weiblich",11,0,4,1,1,4,1.4,4.333333333333333,2.5,"low",NA,NA,NA,NA,NA,NA,NA
365,"l82eo1arv9awjsne","2023-09-12T17:39:03Z","del",2,4,0,3,1,7,7,8,2,3,4,2,4,3,10,31,"weiblich",NA,2,3,1,3,2,1.6,7.333333333333333,2.5,"low",NA,NA,NA,NA,NA,NA,NA
366,"wkg21qamwezfdh7c","2023-09-12T17:44:45Z","del",0,6,1,6,0,8,4,9,3,2,1,3,4,3,7,32,"männlich",NA,0,0,4,2,2,0.2,7,2.833333333333333,"high",NA,NA,NA,NA,NA,NA,NA
367,"pozhc9p3pzlrq169","2023-09-12T17:45:49Z","save",0,3,0,1,0,3,3,2,1,2,4,3,2,2,12,31,"weiblich",12,3,5,1,2,3,1.6,2.666666666666667,1.833333333333333,"low",NA,NA,NA,NA,NA,NA,NA
368,"frws69bn7slz063h","2023-09-12T17:49:18Z","del",4,2,0,2,0,8,7,8,5,5,4,1,1,1,12,30,"weiblich",NA,4,4,1,4,4,2.4,7.666666666666667,3.333333333333333,"high",NA,NA,NA,NA,NA,NA,NA
369,"08zx0zcphd9lp0qd","2023-09-12T17:52:32Z","del",5,1,6,1,5,6,4,4,5,5,2,0,0,0,16,60,"weiblich",NA,5,5,3,5,5,5.2,4.666666666666667,3.833333333333333,"high",NA,NA,NA,NA,NA,NA,NA
370,"m22f8h4ljswqnpvg","2023-09-12T17:55:27Z","save",0,5,0,5,0,9,8,9,1,2,2,3,2,3,16,33,"weiblich",14,1,1,3,2,2,0.4,8.666666666666666,2,"low",NA,NA,NA,NA,NA,NA,NA
371,"2yym56x2t3oa8189","2023-09-12T17:58:26Z","save",0,5,4,3,1,6,2,4,5,4,3,3,3,3,9,40,"weiblich",8,1,3,2,2,2,1.8,4,3,"high",NA,NA,NA,NA,NA,NA,NA
372,"9ta6lotgudcy345f","2023-09-12T18:01:26Z","save",2,2,2,1,1,9,8,10,0,1,0,0,5,5,20,36,"männlich",10,4,5,5,5,0,2.8,9,2.666666666666667,"low",NA,NA,NA,NA,NA,NA,NA
373,"3fbc31vn465oy742","2023-09-12T18:02:53Z","del",1,5,1,5,0,9,7,8,3,2,4,3,3,3,11,54,"weiblich",NA,1,1,1,2,2,0.8,8,2.166666666666667,"low",NA,NA,NA,NA,NA,NA,NA
374,"278hp6mfb5f15l77","2023-09-12T18:07:18Z","save",4,2,4,2,3,5,4,4,2,2,2,2,2,2,8,34,"weiblich",7,4,4,3,3,3,3.8,4.333333333333333,2.5,"low",NA,NA,NA,NA,NA,NA,NA
375,"z8zelu71zz5y3hkd","2023-09-12T18:08:03Z","save",1,5,1,4,0,7,9,8,2,1,2,2,3,1,12,48,"weiblich",11,1,2,3,3,4,1,8,2.666666666666667,"low",NA,NA,NA,NA,NA,NA,NA
376,"wpn4443knx6zpgxj","2023-09-12T18:09:29Z","del",0,6,0,6,0,10,10,10,3,3,3,3,2,3,18,52,"weiblich",NA,0,0,2,2,2,0,10,2.333333333333333,"low",NA,NA,NA,NA,NA,NA,NA
377,"0hszbdq3rysynnu7","2023-09-12T18:17:12Z","save",1,5,1,4,1,7,5,8,2,2,2,2,2,2,9,33,"männlich",11,1,2,3,3,3,1.2,6.666666666666667,2.5,"low",NA,NA,NA,NA,NA,NA,NA
378,"momly0jauof158cm","2023-09-12T18:17:34Z","del",0,5,0,5,0,8,8,8,3,3,3,3,3,3,15,52,"weiblich",NA,1,1,2,2,2,0.4,8,2.5,"low",NA,NA,NA,NA,NA,NA,NA
379,"9le4v3e2uvh8b4y3","2023-09-12T18:18:38Z","save",0,4,0,5,0,9,9,8,1,1,4,4,2,4,15,53,"weiblich",9,2,1,1,1,1,0.6,8.666666666666666,1.166666666666667,"low",NA,NA,NA,NA,NA,NA,NA
380,"gq233hm74t1vzle3","2023-09-12T18:25:09Z","del",0,4,1,4,0,6,5,6,3,3,3,2,3,2,15,36,"weiblich",NA,2,2,2,3,3,1,5.666666666666667,2.833333333333333,"high",NA,NA,NA,NA,NA,NA,NA
381,"4ay7x1wu380bz3ra","2023-09-12T18:25:54Z","save",3,3,3,3,4,5,3,5,4,3,4,3,4,3,10,34,"weiblich",10,3,3,1,2,2,3.2,4.333333333333333,2.666666666666667,"low",NA,NA,NA,NA,NA,NA,NA
382,"dswhmv4nksxu965s","2023-09-12T18:25:54Z","del",6,1,6,1,6,5,2,2,4,4,4,2,0,4,10,35,"weiblich",NA,5,5,1,3,1,5.6,3,2.166666666666667,"low",NA,NA,NA,NA,NA,NA,NA
383,"22gx5rpox7s5bw38","2023-09-12T18:36:51Z","save",0,4,2,2,0,7,1,3,1,3,4,4,3,2,7,29,"weiblich",10,2,4,1,1,3,1.6,3.666666666666667,2,"low",NA,NA,NA,NA,NA,NA,NA
384,"2yy7u6dxbf7c1ntk","2023-09-12T18:37:05Z","del",6,2,6,2,4,6,7,7,3,4,3,2,3,3,10,63,"weiblich",NA,4,4,2,3,2,4.8,6.666666666666667,2.833333333333333,"high",NA,NA,NA,NA,NA,NA,NA
385,"g9jwyvhgnaqtt5aq","2023-09-12T18:38:37Z","save",0,4,0,5,0,5,3,4,3,4,4,4,5,2,8,64,"männlich",11,2,1,1,1,3,0.6,4,2.833333333333333,"high",NA,NA,NA,NA,NA,NA,NA
386,"f52tej0t1ttzsyl7","2023-09-12T18:40:02Z","del",0,2,3,3,3,4,3,5,3,3,4,1,3,3,7,60,"weiblich",NA,4,3,1,4,2,2.6,4,2.666666666666667,"low",NA,NA,NA,NA,NA,NA,NA
387,"x2gum7977pcrhj0v","2023-09-12T18:42:10Z","save",5,0,1,1,2,1,1,0,0,4,1,2,4,1,6,45,"männlich",6,6,5,4,3,4,3.8,0.666666666666667,3.166666666666667,"high",NA,NA,NA,NA,NA,NA,NA
388,"txg7s80xrswgxdh9","2023-09-12T18:48:48Z","del",0,3,1,6,6,1,1,4,5,5,0,4,4,3,10,36,"weiblich",NA,3,0,5,1,2,2,2,3.666666666666667,"high",NA,NA,NA,NA,NA,NA,NA
389,"gx6u362qsfa81pvh","2023-09-12T18:52:33Z","del",0,6,0,4,0,10,9,9,4,4,4,1,3,2,17,43,"weiblich",NA,0,2,1,4,3,0.4,9.333333333333334,3.166666666666667,"high",NA,NA,NA,NA,NA,NA,NA
390,"6dxszdbv041c20vo","2023-09-12T18:55:38Z","save",6,0,4,1,1,6,6,6,5,5,0,0,5,0,13,47,"weiblich",13,6,5,5,5,5,4.4,6,5,"high",NA,NA,NA,NA,NA,NA,NA
391,"n6ted0wzlugg3v5b","2023-09-12T19:00:06Z","del",0,5,0,6,0,10,10,7,1,1,5,4,1,4,5,44,"weiblich",NA,1,0,0,1,1,0.2,9,0.833333333333333,"low",NA,NA,NA,NA,NA,NA,NA
392,"oa31jh8exyzyfg7m","2023-09-12T19:12:11Z","save",0,1,1,2,0,5,5,6,4,4,0,2,1,2,10,61,"weiblich",12,5,4,5,3,3,2,5.333333333333333,3.333333333333333,"high",NA,NA,NA,NA,NA,NA,NA
393,"7qpa47u0rgroy1gr","2023-09-12T19:18:16Z","del",4,5,0,4,0,9,9,10,4,4,5,3,4,3,13,39,"weiblich",NA,1,2,0,2,2,1.4,9.333333333333334,2.666666666666667,"low",NA,NA,NA,NA,NA,NA,NA
394,"9fl1sah6qbu0wkr5","2023-09-12T19:19:05Z","save",4,0,2,2,4,7,9,5,2,3,3,3,3,2,13,34,"männlich",9,6,4,2,2,3,4,7,2.5,"low",NA,NA,NA,NA,NA,NA,NA
395,"9k2je2wqhqe1fx05","2023-09-12T19:22:03Z","save",6,2,3,1,5,2,6,2,5,5,3,2,5,1,5,33,"weiblich",10,4,5,2,3,4,4.6,3.333333333333333,4,"high",NA,NA,NA,NA,NA,NA,NA
396,"2h85a2lstk9glgeo","2023-09-12T19:22:06Z","del",0,5,3,4,0,7,5,8,1,1,3,4,2,3,11,31,"männlich",NA,1,2,2,1,2,1.2,6.666666666666667,1.5,"low",NA,NA,NA,NA,NA,NA,NA
397,"fp93jd73hku19zu9","2023-09-12T19:24:29Z","del",1,4,1,2,1,4,3,3,4,3,4,3,5,1,14,36,"männlich",NA,2,4,1,2,4,1.8,3.333333333333333,3.166666666666667,"high",NA,NA,NA,NA,NA,NA,NA
398,"my3w5qf518413kn5","2023-09-12T19:25:12Z","save",0,6,0,6,0,8,5,5,1,1,4,4,1,2,7,62,"weiblich",8,0,0,1,1,3,0,6,1.333333333333333,"low",NA,NA,NA,NA,NA,NA,NA
400,"nh3f7eagq6cjwoc9","2023-09-12T19:29:11Z","save",0,5,0,3,0,5,5,3,5,5,3,0,5,1,10,60,"weiblich",13,1,3,2,5,4,0.8,4.333333333333333,4.333333333333333,"high",NA,NA,NA,NA,NA,NA,NA
401,"7wz1j65r009e8qsh","2023-09-12T19:37:04Z","del",5,1,0,4,0,7,10,10,2,3,3,2,2,2,8,26,"weiblich",NA,5,2,2,3,3,2.4,9,2.5,"low",NA,NA,NA,NA,NA,NA,NA
402,"5tjuygtp5ln1j6gh","2023-09-12T19:54:02Z","del",0,2,4,1,4,3,3,3,5,5,0,1,4,0,8,33,"weiblich",NA,4,5,5,4,5,3.4,3,4.666666666666667,"high",NA,NA,NA,NA,NA,NA,NA
403,"t09xvgun3bh14seg","2023-09-12T19:57:11Z","save",1,5,1,4,3,6,6,7,4,4,1,1,4,1,12,20,"weiblich",10,1,2,4,4,4,1.6,6.333333333333333,4,"high",NA,NA,NA,NA,NA,NA,NA
404,"7nkl8kds6ozmczab","2023-09-12T19:57:37Z","del",4,0,3,1,1,3,3,3,3,3,3,4,2,3,12,22,"weiblich",NA,6,5,2,1,2,3.8,3,2.166666666666667,"low",NA,NA,NA,NA,NA,NA,NA
405,"nqjqecyoqqqwjqt2","2023-09-12T20:02:35Z","save",0,0,0,6,0,7,2,7,4,0,1,4,5,0,4,30,"männlich",13,6,0,4,1,5,1.2,5.333333333333333,3.166666666666667,"high",NA,NA,NA,NA,NA,NA,NA
406,"1q4vm92tax95l1xb","2023-09-12T20:10:10Z","del",3,1,4,1,6,5,2,3,4,3,2,2,3,3,7,24,"weiblich",NA,5,5,3,3,2,4.6,3.333333333333333,3,"high",NA,NA,NA,NA,NA,NA,NA
407,"kb0augxj5168gamu","2023-09-12T20:21:26Z","save",0,6,0,5,0,7,5,6,3,5,1,1,1,0,8,47,"weiblich",9,0,1,4,4,5,0.2,6,3.666666666666667,"high",NA,NA,NA,NA,NA,NA,NA
408,"aeactajg5qvztqk6","2023-09-12T20:23:29Z","del",2,0,2,0,0,7,3,8,4,3,4,3,1,2,15,19,"weiblich",NA,6,6,1,2,3,3.2,6,2.333333333333333,"low",NA,NA,NA,NA,NA,NA,NA
409,"n5gxdhd3ur7fhx8o","2023-09-12T20:29:10Z","save",1,2,2,3,1,6,4,3,2,3,2,3,2,3,12,28,"weiblich",11,4,3,3,2,2,2.2,4.333333333333333,2.333333333333333,"low",NA,NA,NA,NA,NA,NA,NA
410,"m3jg94mjkfyfjh69","2023-09-12T20:34:40Z","del",4,2,2,1,0,3,3,3,1,1,4,4,3,3,10,36,"weiblich",NA,4,5,1,1,2,3,3,1.5,"low",NA,NA,NA,NA,NA,NA,NA
411,"rz0m13md4k7bs208","2023-09-12T20:37:48Z","del",2,5,0,4,1,8,9,9,4,4,2,2,2,2,9,21,"weiblich",NA,1,2,3,3,3,1.2,8.666666666666666,3.166666666666667,"high",NA,NA,NA,NA,NA,NA,NA
412,"bv8k6zgae2rfca5b","2023-09-12T20:37:50Z","save",0,4,3,3,0,6,0,3,5,5,3,0,4,4,17,31,"weiblich",13,2,3,2,5,1,1.6,3,3.666666666666667,"high",NA,NA,NA,NA,NA,NA,NA
413,"ff65qfc3y0tu0h5b","2023-09-12T20:56:09Z","del",2,4,2,3,0,9,5,7,4,4,2,0,4,1,12,27,"weiblich",NA,2,3,3,5,4,1.8,7,4,"high",NA,NA,NA,NA,NA,NA,NA
414,"l79ybz3lg8xfpwas","2023-09-12T21:10:40Z","save",0,4,0,4,0,7,7,7,2,2,3,3,2,3,6,25,"weiblich",6,2,2,2,2,2,0.8,7,2,"low",NA,NA,NA,NA,NA,NA,NA
415,"nuvh06u4f21kv5bp","2023-09-12T21:45:16Z","del",0,5,1,4,1,7,7,8,4,4,2,2,4,3,10,38,"weiblich",NA,1,2,3,3,2,1,7.333333333333333,3.333333333333333,"high",NA,NA,NA,NA,NA,NA,NA
416,"r8p8z1a5mv6abc7r","2023-09-12T21:50:03Z","save",0,6,0,5,0,8,3,7,2,2,4,3,2,4,10,56,"weiblich",7,0,1,1,2,1,0.2,6,1.666666666666667,"low",NA,NA,NA,NA,NA,NA,NA
417,"od295eoxzqsauj3a","2023-09-12T21:50:36Z","save",4,4,4,1,3,4,3,4,4,4,1,1,4,1,6,30,"weiblich",6,2,5,4,4,4,3.6,3.666666666666667,4,"high",NA,NA,NA,NA,NA,NA,NA
418,"6nanjnkdwjucxakb","2023-09-12T22:49:04Z","save",3,3,2,5,2,4,3,4,1,3,3,3,3,3,12,34,"weiblich",13,3,1,2,2,2,2.2,3.666666666666667,2.166666666666667,"low",NA,NA,NA,NA,NA,NA,NA
419,"s7lpk4uq3kef504q","2023-09-13T04:03:10Z","del",6,3,5,2,5,10,10,5,2,2,3,4,2,3,10,43,"weiblich",NA,3,4,2,1,2,4.6,8.333333333333334,1.833333333333333,"low",NA,NA,NA,NA,NA,NA,NA
420,"522r2nuhxqln4nca","2023-09-13T05:11:56Z","del",3,2,2,4,1,4,3,3,3,3,4,4,2,4,12,69,"männlich",NA,4,2,1,1,1,2.4,3.333333333333333,1.833333333333333,"low",NA,NA,NA,NA,NA,NA,NA
421,"6c89d6tjkbm9thp7","2023-09-13T05:22:15Z","save",0,6,0,6,0,10,10,10,0,0,5,5,4,5,14,53,"weiblich",9,0,0,0,0,0,0,10,0.666666666666667,"low",NA,NA,NA,NA,NA,NA,NA
422,"aop6db4c6cftxy2m","2023-09-13T05:46:08Z","del",1,5,1,3,5,5,4,5,5,5,2,1,5,1,10,29,"weiblich",NA,1,3,3,4,4,2.2,4.666666666666667,4.333333333333333,"high",NA,NA,NA,NA,NA,NA,NA
423,"pswybm2jqaq5q9r3","2023-09-13T05:52:02Z","save",0,6,4,5,0,10,7,8,2,3,3,3,3,2,20,67,"weiblich",7,0,1,2,2,3,1,8.333333333333334,2.5,"low",NA,NA,NA,NA,NA,NA,NA
424,"m23zza07hlxrle26","2023-09-13T05:57:51Z","del",0,5,1,1,0,9,8,9,2,3,3,3,2,3,14,42,"weiblich",NA,1,5,2,2,2,1.4,8.666666666666666,2.166666666666667,"low",NA,NA,NA,NA,NA,NA,NA
425,"kye9rty8x6bmq4go","2023-09-13T05:58:05Z","save",1,1,5,1,3,7,7,7,1,2,1,4,2,3,15,35,"männlich",11,5,5,4,1,2,3.8,7,2,"low",NA,NA,NA,NA,NA,NA,NA
426,"1fuls0s3rt0upvxk","2023-09-13T06:01:11Z","save",3,4,1,5,1,8,8,8,4,4,1,1,4,1,15,36,"weiblich",14,2,1,4,4,4,1.6,8,4,"high",NA,NA,NA,NA,NA,NA,NA
427,"bnbs14b05qvg099s","2023-09-13T06:05:49Z","save",1,2,2,2,3,4,7,6,4,4,5,2,4,3,8,38,"weiblich",8,4,4,0,3,2,2.8,5.666666666666667,2.833333333333333,"high",NA,NA,NA,NA,NA,NA,NA
428,"vkdovyg4t6hvb7ls","2023-09-13T06:09:26Z","save",4,2,3,3,2,5,3,3,4,4,3,3,3,3,10,23,"männlich",8,4,3,2,2,2,3.2,3.666666666666667,2.833333333333333,"high",NA,NA,NA,NA,NA,NA,NA
429,"r93m00bmkuk5clbq","2023-09-13T06:11:10Z","save",5,0,5,0,6,0,0,0,4,3,2,2,3,2,14,52,"männlich",13,6,6,3,3,3,5.6,0,3.166666666666667,"high",NA,NA,NA,NA,NA,NA,NA
430,"k5yydna5kuxrlaqv","2023-09-13T06:11:15Z","del",3,3,2,4,1,6,5,5,3,3,2,2,3,3,15,33,"weiblich",NA,3,2,3,3,2,2.2,5.333333333333333,2.833333333333333,"high",NA,NA,NA,NA,NA,NA,NA
431,"pfro22x39c7w4jqk","2023-09-13T06:19:16Z","del",1,4,0,5,0,7,5,8,3,3,2,0,2,2,11,28,"weiblich",NA,2,1,3,5,3,0.8,6.666666666666667,3.166666666666667,"high",NA,NA,NA,NA,NA,NA,NA
432,"rq7tf4p99rh7k6wc","2023-09-13T06:32:49Z","save",0,1,1,1,1,2,3,3,1,1,2,2,2,2,10,56,"weiblich",8,5,5,3,3,3,2.4,2.666666666666667,2.166666666666667,"low",NA,NA,NA,NA,NA,NA,NA
433,"ns4t32rlgxx2z92k","2023-09-13T06:33:45Z","del",0,3,0,5,0,7,2,8,0,1,3,3,2,3,15,41,"weiblich",NA,3,1,2,2,2,0.8,5.666666666666667,1.5,"low",NA,NA,NA,NA,NA,NA,NA
434,"ma8wme5mk1ux6th5","2023-09-13T06:47:54Z","del",0,6,0,6,0,10,8,10,1,1,5,5,5,4,14,56,"männlich",NA,0,0,0,0,1,0,9.333333333333334,1.333333333333333,"low",NA,NA,NA,NA,NA,NA,NA
435,"zt4vz7g49j2va2rd","2023-09-13T07:29:02Z","save",1,5,0,5,0,10,10,10,1,1,3,4,2,4,17,33,"weiblich",17,1,1,2,1,1,0.6,10,1.333333333333333,"low",NA,NA,NA,NA,NA,NA,NA
437,"r8vut83bjsxzctel","2023-09-13T07:35:21Z","save",0,6,0,6,0,8,7,8,3,3,2,3,3,2,17,37,"weiblich",13,0,0,3,2,3,0,7.666666666666667,2.833333333333333,"high",NA,NA,NA,NA,NA,NA,NA
438,"eeexdz7xgg9r40kr","2023-09-13T08:04:54Z","save",3,4,1,5,0,8,7,8,5,5,1,1,2,1,19,28,"weiblich",13,2,1,4,4,4,1.4,7.666666666666667,4,"high",NA,NA,NA,NA,NA,NA,NA
439,"smfeb3oj96jw29v1","2023-09-13T08:05:59Z","del",1,6,0,4,0,6,4,9,3,4,2,3,4,2,10,26,"weiblich",NA,0,2,3,2,3,0.6,6.333333333333333,3.166666666666667,"high",NA,NA,NA,NA,NA,NA,NA
440,"hnt5vbmsm7ms1o83","2023-09-13T08:14:42Z","save",0,6,0,4,0,9,10,7,3,0,2,3,3,2,12,42,"weiblich",12,0,2,3,2,3,0.4,8.666666666666666,2.333333333333333,"low",NA,NA,NA,NA,NA,NA,NA
441,"3h73na8dzzlc5zxq","2023-09-13T08:25:13Z","save",0,6,4,4,0,5,1,5,5,5,4,1,4,2,19,40,"männlich",5,0,2,1,4,3,1.2,3.666666666666667,3.666666666666667,"high",NA,NA,NA,NA,NA,NA,NA
442,"t902xebj5duqxob8","2023-09-13T08:37:54Z","save",2,3,1,3,0,6,3,5,4,4,3,2,4,2,7,36,"weiblich",8,3,3,2,3,3,1.8,4.666666666666667,3.333333333333333,"high",NA,NA,NA,NA,NA,NA,NA
443,"6bn9flrv15rtxs96","2023-09-13T08:38:10Z","save",0,5,1,6,0,8,8,8,3,3,3,2,2,3,13,56,"weiblich",10,1,0,2,3,2,0.4,8,2.5,"low",NA,NA,NA,NA,NA,NA,NA
444,"npa4pa0sdcjdea3x","2023-09-13T08:39:27Z","del",0,4,0,2,6,3,3,3,1,1,1,3,5,2,10,52,"weiblich",NA,2,4,4,2,3,2.4,3,2.666666666666667,"low",NA,NA,NA,NA,NA,NA,NA
445,"ph9l0v6hmnjhqt29","2023-09-13T08:43:18Z","del",3,2,2,5,0,6,8,8,4,5,2,1,3,2,5,26,"weiblich",NA,4,1,3,4,3,2,7.333333333333333,3.666666666666667,"high",NA,NA,NA,NA,NA,NA,NA
446,"84labypa4ty1us3l","2023-09-13T08:58:00Z","save",0,4,0,4,0,6,6,7,4,3,2,3,2,3,18,30,"weiblich",11,2,2,3,2,2,0.8,6.333333333333333,2.666666666666667,"low",NA,NA,NA,NA,NA,NA,NA
447,"ucvdwr0t37rzwr93","2023-09-13T08:59:30Z","del",2,4,2,1,3,3,4,7,4,4,2,1,4,2,10,38,"männlich",NA,2,5,3,4,3,2.8,4.666666666666667,3.666666666666667,"high",NA,NA,NA,NA,NA,NA,NA
448,"enfeelfdbvyl3c9w","2023-09-13T09:10:26Z","save",4,0,3,0,3,7,6,8,3,3,3,3,3,3,15,49,"weiblich",13,6,6,2,2,2,4.4,7,2.5,"low",NA,NA,NA,NA,NA,NA,NA
449,"dcqua2g8qsa4w8tk","2023-09-13T09:16:59Z","del",1,3,0,5,4,7,6,6,2,3,2,4,4,2,7,51,"weiblich",NA,3,1,3,1,3,1.8,6.333333333333333,2.666666666666667,"low",NA,NA,NA,NA,NA,NA,NA
450,"37jckajsvcvzkbjt","2023-09-13T09:31:17Z","save",3,2,0,3,0,5,5,5,4,1,2,1,3,2,14,33,"weiblich",14,4,3,3,4,3,2,5,3,"high",NA,NA,NA,NA,NA,NA,NA
451,"w2b8so3amh93bbc3","2023-09-13T09:41:39Z","save",1,3,2,2,0,4,3,6,3,4,2,1,3,2,15,24,"weiblich",13,3,4,3,4,3,2,4.333333333333333,3.333333333333333,"high",NA,NA,NA,NA,NA,NA,NA
452,"cp7y8zjbprvuqoyd","2023-09-13T09:58:03Z","save",0,4,1,4,0,8,6,7,3,3,2,2,3,2,13,58,"weiblich",12,2,2,3,3,3,1,7,3,"high",NA,NA,NA,NA,NA,NA,NA
453,"db3eqqeuful5xx36","2023-09-13T10:22:42Z","del",0,6,0,6,0,10,10,10,0,0,5,4,0,4,8,32,"weiblich",NA,0,0,0,1,1,0,10,0.333333333333333,"low",NA,NA,NA,NA,NA,NA,NA
454,"zl99ootn8yjnhyd8","2023-09-13T10:42:38Z","del",5,1,5,1,0,2,2,3,3,3,2,3,2,2,14,50,"männlich",NA,5,5,3,2,3,4,2.333333333333333,2.666666666666667,"low",NA,NA,NA,NA,NA,NA,NA
455,"m5oh59bo4f2e1ap6","2023-09-13T10:51:37Z","del",1,5,1,5,0,7,6,7,4,5,2,1,4,2,10,43,"männlich",NA,1,1,3,4,3,0.8,6.666666666666667,3.833333333333333,"high",NA,NA,NA,NA,NA,NA,NA
456,"be00kjbtfjwseq4f","2023-09-13T10:59:47Z","del",0,3,0,5,0,5,0,5,4,3,3,3,3,2,5,45,"weiblich",NA,3,1,2,2,3,0.8,3.333333333333333,2.833333333333333,"high",NA,NA,NA,NA,NA,NA,NA
457,"kb68u40mtw1a031q","2023-09-13T11:15:34Z","save",1,4,2,1,0,3,2,4,4,4,3,2,3,1,5,62,"männlich",9,2,5,2,3,4,2,3,3.333333333333333,"high",NA,NA,NA,NA,NA,NA,NA
458,"hyrjcou3q1qk1zua","2023-09-13T11:41:30Z","del",0,5,0,5,0,8,1,8,4,4,3,1,4,2,18,46,"männlich",NA,1,1,2,4,3,0.4,5.666666666666667,3.5,"high",NA,NA,NA,NA,NA,NA,NA
459,"fnzrl2vbmznm86dw","2023-09-13T11:47:52Z","del",2,5,1,6,1,8,3,5,3,1,4,3,2,3,15,63,"weiblich",NA,1,0,1,2,2,1,5.333333333333333,1.833333333333333,"low",NA,NA,NA,NA,NA,NA,NA
460,"2d01b9z38l9gdqne","2023-09-13T12:31:15Z","save",0,0,0,0,0,0,0,0,0,0,3,4,0,3,8,33,"weiblich",10,6,6,2,1,2,2.4,0,0.833333333333333,"low",NA,NA,NA,NA,NA,NA,NA
461,"kdrevdsghxzlvc7m","2023-09-13T13:04:21Z","del",4,3,3,2,2,7,8,6,4,4,1,2,3,2,12,25,"männlich",NA,3,4,4,3,3,3.2,7,3.5,"high",NA,NA,NA,NA,NA,NA,NA
462,"lqb2nqx2kkabtraw","2023-09-13T13:15:54Z","del",0,4,1,5,0,8,10,8,2,3,3,1,4,2,13,53,"weiblich",NA,2,1,2,4,3,0.8,8.666666666666666,3,"high",NA,NA,NA,NA,NA,NA,NA
463,"shg9ah5n17b52abn","2023-09-13T13:34:39Z","save",2,3,1,5,0,8,7,6,2,1,2,2,2,2,10,68,"weiblich",10,3,1,3,3,3,1.4,7,2.333333333333333,"low",NA,NA,NA,NA,NA,NA,NA
464,"5teoka0st9wvcsz1","2023-09-13T14:54:28Z","save",0,0,5,1,5,2,2,2,3,4,1,0,0,2,8,46,"weiblich",11,6,5,4,5,3,4.2,2,3.166666666666667,"high",NA,NA,NA,NA,NA,NA,NA
465,"dlb8xtaredf83n71","2023-09-13T16:04:32Z","save",0,3,0,4,0,3,3,4,2,2,5,2,2,3,8,32,"männlich",9,3,2,0,3,2,1,3.333333333333333,1.833333333333333,"low",NA,NA,NA,NA,NA,NA,NA
466,"b3m5b4hqar4g1mle","2023-09-13T18:07:12Z","save",2,2,2,4,2,3,3,4,5,5,5,3,1,2,7,31,"weiblich",8,4,2,0,2,3,2.4,3.333333333333333,2.666666666666667,"low",NA,NA,NA,NA,NA,NA,NA
467,"y4rdwqh58r8zbtp2","2023-09-13T18:12:58Z","save",3,5,1,2,0,5,3,8,1,2,4,3,3,3,16,38,"weiblich",13,1,4,1,2,2,1.8,5.333333333333333,1.833333333333333,"low",NA,NA,NA,NA,NA,NA,NA
468,"c1gxf8d5z3x2cmnt","2023-09-13T18:53:17Z","del",0,3,0,3,0,5,5,6,2,2,3,3,1,3,8,52,"männlich",NA,3,3,2,2,2,1.2,5.333333333333333,1.833333333333333,"low",NA,NA,NA,NA,NA,NA,NA
469,"n028z9wddgtlctho","2023-09-13T19:22:03Z","del",0,5,0,6,0,10,10,10,4,4,4,3,1,3,13,53,"weiblich",NA,1,0,1,2,2,0.2,10,2.333333333333333,"low",NA,NA,NA,NA,NA,NA,NA
470,"dl68z33m04ayd36x","2023-09-13T19:30:18Z","del",0,6,0,5,0,10,9,10,0,0,5,5,4,5,16,53,"weiblich",NA,0,1,0,0,0,0.2,9.666666666666666,0.666666666666667,"low",NA,NA,NA,NA,NA,NA,NA
471,"171eqwgo5wwyhcf3","2023-09-13T19:57:51Z","save",0,6,0,6,0,8,9,7,4,5,2,2,4,2,9,55,"weiblich",6,0,0,3,3,3,0,8,3.666666666666667,"high",NA,NA,NA,NA,NA,NA,NA
472,"mk3x9xgatv3g7zrv","2023-09-13T19:59:35Z","save",0,4,0,4,0,8,5,5,0,0,5,4,0,5,11,72,"weiblich",10,2,2,0,1,0,0.8,6,0.166666666666667,"low",NA,NA,NA,NA,NA,NA,NA
473,"lnyljvm5uxt5bnw5","2023-09-13T19:59:35Z","save",0,0,0,2,1,5,2,2,5,5,2,1,4,2,13,25,"weiblich",11,6,4,3,4,3,2.2,3,4,"high",NA,NA,NA,NA,NA,NA,NA
474,"6t0049wtohbu0h0t","2023-09-13T20:11:25Z","del",5,1,4,0,0,2,2,2,3,4,3,0,1,0,13,20,"weiblich",NA,5,6,2,5,5,4,2,3.333333333333333,"high",NA,NA,NA,NA,NA,NA,NA
475,"4f6p7fxby0l4nlbe","2023-09-14T01:44:12Z","save",2,2,2,2,2,3,2,2,2,2,2,2,2,2,10,37,"weiblich",6,4,4,3,3,3,2.8,2.333333333333333,2.5,"low",NA,NA,NA,NA,NA,NA,NA
476,"gtou43nzjuo1lmge","2023-09-14T02:59:13Z","del",1,2,1,2,0,5,6,6,4,4,2,2,3,2,15,64,"männlich",NA,4,4,3,3,3,2,5.666666666666667,3.333333333333333,"high",NA,NA,NA,NA,NA,NA,NA
477,"u2u0nhy8jp4bf201","2023-09-14T04:48:56Z","save",0,5,0,4,0,8,9,8,5,5,5,5,5,5,9,55,"männlich",11,1,2,0,0,0,0.6,8.333333333333334,2.5,"low",NA,NA,NA,NA,NA,NA,NA
478,"6fpyjeqk8wmjvu5p","2023-09-14T04:50:19Z","save",3,4,4,4,3,3,3,2,4,3,2,4,2,3,12,60,"weiblich",10,2,2,3,1,2,2.8,2.666666666666667,2.5,"low",NA,NA,NA,NA,NA,NA,NA
479,"2x3d0pwc0kryxg35","2023-09-14T06:51:17Z","del",0,4,0,4,0,6,4,7,5,4,2,2,2,1,19,54,"weiblich",NA,2,2,3,3,4,0.8,5.666666666666667,3.5,"high",NA,NA,NA,NA,NA,NA,NA
480,"5achg8e9wbtzsnec","2023-09-14T07:09:30Z","del",0,3,1,2,4,6,0,7,5,5,2,0,5,1,7,48,"weiblich",NA,3,4,3,5,4,2.4,4.333333333333333,4.5,"high",NA,NA,NA,NA,NA,NA,NA
481,"q8cj4ue3pv7lgvtm","2023-09-14T08:46:00Z","del",0,6,0,6,0,10,7,10,4,5,5,2,3,3,15,53,"männlich",NA,0,0,0,3,2,0,9,2.833333333333333,"high",NA,NA,NA,NA,NA,NA,NA
482,"075lkezs2dmbuhqu","2023-09-14T08:48:20Z","del",0,0,0,5,0,7,6,8,2,3,2,3,2,2,8,42,"weiblich",NA,6,1,3,2,3,1.4,7,2.5,"low",NA,NA,NA,NA,NA,NA,NA
483,"muc699jqlq8fgpfb","2023-09-14T08:51:47Z","save",3,5,4,6,2,2,2,2,2,2,4,3,2,4,10,36,"weiblich",10,1,0,1,2,1,2,2,1.666666666666667,"low",NA,NA,NA,NA,NA,NA,NA
484,"ylzby9scz8py2td5","2023-09-14T09:33:20Z","del",4,1,3,1,3,2,2,2,1,2,3,1,3,1,10,61,"weiblich",NA,5,5,2,4,4,4,2,2.666666666666667,"low",NA,NA,NA,NA,NA,NA,NA
485,"8jh1wwdnyytaxtcx","2023-09-14T10:19:42Z","del",1,4,1,4,0,6,6,6,5,5,4,2,5,4,8,73,"weiblich",NA,2,2,1,3,1,1.2,6,3.333333333333333,"high",NA,NA,NA,NA,NA,NA,NA
486,"69xdn8fynw0e1a89","2023-09-14T10:25:09Z","del",0,6,0,6,0,10,10,10,0,0,5,4,4,5,10,39,"weiblich",NA,0,0,0,1,0,0,10,0.833333333333333,"low",NA,NA,NA,NA,NA,NA,NA
487,"kfegx059xdvgwmcz","2023-09-14T11:45:28Z","del",2,2,1,4,1,8,8,7,3,3,4,4,3,3,14,20,"weiblich",NA,4,2,1,1,2,2,7.666666666666667,2.166666666666667,"low",NA,NA,NA,NA,NA,NA,NA
488,"ps4md640g2ngbo36","2023-09-14T12:55:58Z","save",0,5,1,4,0,6,6,8,2,4,3,0,2,2,13,33,"weiblich",13,1,2,2,5,3,0.8,6.666666666666667,3,"high",NA,NA,NA,NA,NA,NA,NA
489,"35vce91tmtxk0nun","2023-09-14T13:10:46Z","del",0,5,0,5,0,9,7,9,2,3,4,3,2,4,14,56,"weiblich",NA,1,1,1,2,1,0.4,8.333333333333334,1.833333333333333,"low",NA,NA,NA,NA,NA,NA,NA
490,"nk8pfusk158u96b4","2023-09-14T13:46:16Z","save",4,3,1,2,3,5,3,3,5,5,4,3,3,4,7,25,"weiblich",8,3,4,1,2,1,3,3.666666666666667,2.833333333333333,"high",NA,NA,NA,NA,NA,NA,NA
1,"w9h43dxo5k59kysy","2023-11-02T12:46:57Z","save",3,3,4,5,3,8,7,7,4,2,2,3,2,2,10,22,"male",10,3,1,3,2,3,2.8,7.333333333333333,2.666666666666667,"low",NA,NA,NA,NA,NA,NA,NA
2,"6hwwv6y3tc8k2tqo","2023-11-02T13:07:06Z","del",1,5,4,2,0,5,5,5,4,4,3,2,4,2,12,22,"female",NA,1,4,2,3,3,2,5,3.333333333333333,"high",NA,NA,NA,NA,NA,NA,NA
3,"nl18cmsnee1fjr7j","2023-11-02T13:16:07Z","save",0,4,0,3,0,8,8,10,0,1,3,3,2,4,13,24,"female",9,2,3,2,2,1,1,8.666666666666666,1.333333333333333,"low",NA,NA,NA,NA,NA,NA,NA
4,"6r7c0nxhbuy63sya","2023-11-02T13:17:33Z","save",4,3,5,2,2,5,3,10,4,5,3,1,3,1,10,25,"male",14,3,4,2,4,4,3.6,6,3.666666666666667,"high",NA,NA,NA,NA,NA,NA,NA
5,"09gsy8oq0u3rw47b","2023-11-02T13:23:51Z","del",0,4,0,4,1,9,9,9,4,4,1,1,4,4,14,23,"male",NA,2,2,4,4,1,1,9,3.5,"high",NA,NA,NA,NA,NA,NA,NA
6,"34r8rnfk49brom96","2023-11-02T13:29:34Z","save",4,2,5,1,1,5,4,6,3,4,2,2,4,4,8,22,"männlich",8,4,5,3,3,1,3.8,5,3,"high",NA,NA,NA,NA,NA,NA,NA
7,"es98k1kseu6o36yu","2023-11-02T13:34:46Z","save",1,4,0,4,0,7,5,8,2,2,2,3,3,3,10,22,"männlich",8,2,2,3,2,2,1,6.666666666666667,2.333333333333333,"low",NA,NA,NA,NA,NA,NA,NA
8,"bleuxvludlxn0fvr","2023-11-02T13:38:08Z","save",1,6,3,4,1,8,7,8,5,2,4,2,5,3,7,22,"male",10,0,2,1,3,2,1.4,7.666666666666667,3,"high",NA,NA,NA,NA,NA,NA,NA
9,"xbwn5dqx6hu6qr70","2023-11-02T13:44:12Z","del",0,6,0,6,0,10,10,10,4,4,3,2,5,2,8,22,"weiblich",NA,0,0,2,3,3,0,10,3.5,"high",NA,NA,NA,NA,NA,NA,NA
10,"euq2gc2thqan549w","2023-11-02T13:47:57Z","save",0,5,5,1,0,8,6,6,3,3,1,1,4,1,10,23,"female",11,1,5,4,4,4,2.2,6.666666666666667,3.666666666666667,"high",NA,NA,NA,NA,NA,NA,NA
11,"g50a6z6l3tk6d7ux","2023-11-02T13:52:27Z","save",0,3,0,5,0,7,0,8,3,3,1,3,1,3,15,22,"männlich",9,3,1,4,2,2,0.8,5,2.5,"low",NA,NA,NA,NA,NA,NA,NA
12,"yed0p3vts1cv9wna","2023-11-02T13:53:01Z","del",0,6,0,5,0,10,9,9,1,3,4,4,2,2,7,47,"male",NA,0,1,1,1,3,0.2,9.333333333333334,1.833333333333333,"low",NA,NA,NA,NA,NA,NA,NA
13,"wk85s5gsjjzpztxn","2023-11-02T13:53:14Z","save",0,5,5,3,1,6,6,4,3,1,2,1,3,1,7,21,"female",6,1,3,3,4,4,2,5.333333333333333,3,"high",NA,NA,NA,NA,NA,NA,NA
14,"k2ag6b9t0bj1lw2p","2023-11-02T13:54:52Z","del",0,4,2,5,1,10,10,10,2,2,4,3,0,4,13,22,"female",NA,2,1,1,2,1,1.2,10,1.333333333333333,"low",NA,NA,NA,NA,NA,NA,NA
15,"x138lbjhbh21z2oj","2023-11-02T13:57:21Z","del",6,1,3,0,2,5,5,5,5,2,2,4,1,3,16,22,"female",NA,5,6,3,1,2,4.4,5,2.333333333333333,"low",NA,NA,NA,NA,NA,NA,NA
16,"yte4dykw6mypyjwt","2023-11-02T13:57:22Z","save",1,5,5,3,1,8,7,7,5,5,2,1,4,3,9,22,"male",10,1,3,3,4,2,2.2,7.333333333333333,3.833333333333333,"high",NA,NA,NA,NA,NA,NA,NA
17,"fvj6lywrsgznl3l8","2023-11-02T14:01:50Z","save",4,4,4,1,4,3,3,3,3,3,1,2,1,1,9,22,"männlich",9,2,5,4,3,4,3.8,3,3,"high",NA,NA,NA,NA,NA,NA,NA
18,"ckoothh13x15ukmt","2023-11-02T14:05:05Z","del",3,3,3,3,3,5,0,5,4,4,2,5,3,3,10,22,"männlich",NA,3,3,3,0,2,3,3.333333333333333,2.666666666666667,"low",NA,NA,NA,NA,NA,NA,NA
19,"jdrab2n5d0a2n04j","2023-11-02T14:09:13Z","save",3,1,4,3,0,5,5,5,3,4,1,2,4,3,16,26,"weiblich",15,5,3,4,3,2,3,5,3.333333333333333,"high",NA,NA,NA,NA,NA,NA,NA
20,"vw6ttgdrbpnoelrs","2023-11-02T14:21:06Z","del",2,4,2,3,1,8,7,8,2,3,3,2,4,3,14,21,"male",NA,2,3,2,3,2,2,7.666666666666667,2.666666666666667,"low",NA,NA,NA,NA,NA,NA,NA
21,"szewe970qz5v59pd","2023-11-02T14:22:50Z","save",0,6,1,6,0,10,10,10,1,0,2,4,4,3,15,22,"male",11,0,0,3,1,2,0.2,10,1.833333333333333,"low",NA,NA,NA,NA,NA,NA,NA
22,"nfe0t3zg7uzapngh","2023-11-02T14:30:36Z","save",1,1,4,6,3,0,0,0,1,3,5,2,4,4,6,22,"weiblich",6,5,0,0,3,1,2.6,0,2,"low",NA,NA,NA,NA,NA,NA,NA
23,"qqyx18z01ks5lzhe","2023-11-02T14:31:43Z","save",0,6,0,5,0,9,0,5,5,5,1,0,5,0,8,23,"weiblich",9,0,1,4,5,5,0.2,4.666666666666667,4.833333333333333,"high",NA,NA,NA,NA,NA,NA,NA
24,"k3zhr7dlz25x6gj5","2023-11-02T14:32:34Z","save",5,5,4,3,0,9,7,9,4,5,1,0,4,1,20,22,"weiblich",8,1,3,4,5,4,2.6,8.333333333333334,4.333333333333333,"high",NA,NA,NA,NA,NA,NA,NA
25,"bzl3yvuv49vt35e9","2023-11-02T14:35:20Z","save",1,5,1,4,0,7,5,10,3,3,3,4,2,0,15,22,"female",6,1,2,2,1,5,1,7.333333333333333,2.666666666666667,"low",NA,NA,NA,NA,NA,NA,NA
26,"ku30rzf37foosgey","2023-11-02T14:42:59Z","save",0,1,6,2,6,8,9,8,5,5,1,0,5,0,14,22,"weiblich",13,5,4,4,5,5,4.2,8.333333333333334,4.833333333333333,"high",NA,NA,NA,NA,NA,NA,NA
27,"ecg9w0xtcrndaeju","2023-11-02T14:44:25Z","del",2,3,2,4,4,7,7,5,4,2,3,1,2,2,10,22,"male",NA,3,2,2,4,3,2.6,6.333333333333333,2.833333333333333,"high",NA,NA,NA,NA,NA,NA,NA
28,"u9w0g5cpfkn73v8u","2023-11-02T14:46:16Z","save",0,5,1,5,0,7,5,5,5,5,1,0,5,0,5,21,"other",10,1,1,4,5,5,0.6,5.666666666666667,4.833333333333333,"high",NA,NA,NA,NA,NA,NA,NA
29,"cwrx41mpxs7ra16t","2023-11-02T14:49:10Z","save",1,1,2,1,1,7,5,5,5,5,2,1,3,3,13,21,"male",12,5,5,3,4,2,2.8,5.666666666666667,3.666666666666667,"high",NA,NA,NA,NA,NA,NA,NA
30,"1d1brwdm8szwquby","2023-11-02T14:49:51Z","save",0,5,4,2,0,8,9,7,1,1,3,2,1,2,18,22,"male",9,1,4,2,3,3,1.8,8,1.833333333333333,"low",NA,NA,NA,NA,NA,NA,NA
31,"0u33ftfsvxvx8oj0","2023-11-02T14:54:11Z","save",0,4,5,4,0,8,3,6,5,5,1,2,4,1,12,19,"female",11,2,2,4,3,4,1.8,5.666666666666667,4.166666666666667,"high",NA,NA,NA,NA,NA,NA,NA
32,"ttxodo7j2osgcjjl","2023-11-02T14:54:36Z","save",0,6,4,6,5,7,8,9,1,1,4,4,3,4,20,20,"female",8,0,0,1,1,1,1.8,8,1.333333333333333,"low",NA,NA,NA,NA,NA,NA,NA
33,"tbkaom5vy3n3r9h8","2023-11-02T14:55:06Z","del",0,5,0,5,0,8,8,8,5,2,4,2,2,4,6,19,"female",NA,1,1,1,3,1,0.4,8,2.333333333333333,"low",NA,NA,NA,NA,NA,NA,NA
34,"uewt90yckude60wj","2023-11-02T14:56:28Z","save",0,4,2,5,1,7,3,6,5,5,2,0,4,1,10,22,"männlich",11,2,1,3,5,4,1.2,5.333333333333333,4.333333333333333,"high",NA,NA,NA,NA,NA,NA,NA
35,"gwzqtptm0vbsnd1w","2023-11-02T14:57:13Z","save",4,6,3,4,1,9,8,9,4,3,3,1,4,3,12,18,"female",9,0,2,2,4,2,2,8.666666666666666,3.166666666666667,"high",NA,NA,NA,NA,NA,NA,NA
36,"pxymovohl2c1vwvb","2023-11-02T14:58:35Z","del",3,5,1,2,3,6,3,5,5,2,1,2,4,4,6,18,"female",NA,1,4,4,3,1,2.4,4.666666666666667,3.166666666666667,"high",NA,NA,NA,NA,NA,NA,NA
37,"rwmatd2gn9plhp3y","2023-11-02T15:00:13Z","del",4,3,4,2,2,6,5,6,4,4,2,2,4,2,10,19,"female",NA,3,4,3,3,3,3.4,5.666666666666667,3.5,"high",NA,NA,NA,NA,NA,NA,NA
38,"9ftkn3gwssnrvfpz","2023-11-02T15:03:02Z","del",0,6,3,2,3,8,4,5,1,1,5,5,0,4,8,22,"male",NA,0,4,0,0,1,2,5.666666666666667,0.5,"low",NA,NA,NA,NA,NA,NA,NA
39,"jw1kduze6msvu32k","2023-11-02T15:12:57Z","save",1,5,5,5,2,2,2,2,1,1,2,1,4,2,12,18,"male",9,1,1,3,4,3,2,2,2.666666666666667,"low",NA,NA,NA,NA,NA,NA,NA
40,"gxz2pao15xegk5ja","2023-11-02T15:22:42Z","save",6,1,3,1,3,6,6,4,2,4,1,1,4,1,12,19,"female",9,5,5,4,4,4,4.4,5.333333333333333,3.666666666666667,"high",NA,NA,NA,NA,NA,NA,NA
41,"vjglyjs8vlo97zec","2023-11-02T15:23:33Z","del",5,2,1,1,1,4,2,5,3,1,2,2,1,3,10,20,"female",NA,4,5,3,3,2,3.2,3.666666666666667,2.166666666666667,"low",NA,NA,NA,NA,NA,NA,NA
42,"4cd0yk1rwb0qkf02","2023-11-02T15:47:28Z","del",0,2,4,3,0,3,4,3,3,2,2,1,4,2,8,19,"male",NA,4,3,3,4,3,2.2,3.333333333333333,3.166666666666667,"high",NA,NA,NA,NA,NA,NA,NA
43,"qwgtypnuc574k8zu","2023-11-02T15:50:48Z","del",1,3,1,5,0,5,5,6,2,2,4,4,3,2,14,20,"männlich",NA,3,1,1,1,3,1.2,5.333333333333333,2,"low",NA,NA,NA,NA,NA,NA,NA
44,"s43xxqvkqgwseewh","2023-11-02T15:54:20Z","save",3,1,4,4,2,3,3,6,3,4,3,1,2,3,12,24,"männlich",10,5,2,2,4,2,3.2,4,2.833333333333333,"high",NA,NA,NA,NA,NA,NA,NA
45,"4tqzkodj6u5b0b7c","2023-11-02T15:55:13Z","save",1,5,5,2,1,6,8,6,1,2,4,4,1,3,12,22,"female",9,1,4,1,1,2,2.4,6.666666666666667,1.333333333333333,"low",NA,NA,NA,NA,NA,NA,NA
46,"psdxv5j596g3gbp5","2023-11-02T16:03:21Z","save",0,6,1,5,0,7,8,8,1,1,3,2,1,3,15,60,"female",10,0,1,2,3,2,0.4,7.666666666666667,1.666666666666667,"low",NA,NA,NA,NA,NA,NA,NA
47,"thec8y3j5ntdzcs2","2023-11-02T16:11:19Z","del",2,2,6,2,2,3,0,0,2,5,2,2,1,1,15,19,"male",NA,4,4,3,3,4,3.6,1,3,"high",NA,NA,NA,NA,NA,NA,NA
48,"5fw4a0zjdsvfat93","2023-11-02T16:12:15Z","del",2,3,3,2,1,3,3,4,1,1,2,3,4,5,8,22,"female",NA,3,4,3,2,0,2.6,3.333333333333333,1.833333333333333,"low",NA,NA,NA,NA,NA,NA,NA
49,"hwbra3x9ounvjaz5","2023-11-02T16:13:54Z","del",4,1,4,1,5,3,2,3,5,2,1,0,4,0,7,23,"female",NA,5,5,4,5,5,4.6,2.666666666666667,4.166666666666667,"high",NA,NA,NA,NA,NA,NA,NA
50,"cfh8nqugqfzujebg","2023-11-02T16:27:31Z","save",4,1,4,2,5,2,2,3,3,1,3,4,2,1,8,18,"male",7,5,4,2,1,4,4.4,2.333333333333333,2.166666666666667,"low",NA,NA,NA,NA,NA,NA,NA
51,"rb5gdf0s8qukjcak","2023-11-02T16:47:48Z","del",4,5,4,5,5,2,2,2,2,1,3,3,2,4,5,19,"female",NA,1,1,2,2,1,3,2,1.666666666666667,"low",NA,NA,NA,NA,NA,NA,NA
52,"jd72z664cepgsbll","2023-11-02T17:05:44Z","del",0,4,2,4,0,8,2,6,4,4,1,1,2,1,10,18,"female",NA,2,2,4,4,4,1.2,5.333333333333333,3.666666666666667,"high",NA,NA,NA,NA,NA,NA,NA
53,"105z9pn63mwv3p66","2023-11-02T17:10:18Z","save",6,1,0,2,5,3,2,3,4,4,1,1,5,1,10,19,"female",8,5,4,4,4,4,4,2.666666666666667,4.166666666666667,"high",NA,NA,NA,NA,NA,NA,NA
54,"395lhc71jjkkfr00","2023-11-02T17:29:16Z","del",1,6,1,2,3,5,2,4,5,5,0,0,4,1,11,21,"male",NA,0,4,5,5,4,1.8,3.666666666666667,4.666666666666667,"high",NA,NA,NA,NA,NA,NA,NA
55,"9zj4j9zkg14sows6","2023-11-02T17:29:29Z","save",4,5,1,4,0,6,6,6,2,3,3,0,2,3,10,19,"weiblich",12,1,2,2,5,2,1.6,6,2.666666666666667,"low",NA,NA,NA,NA,NA,NA,NA
56,"cguyvqfvb4d11nvv","2023-11-02T17:31:49Z","del",1,3,0,5,1,8,7,7,3,4,3,2,2,3,13,21,"male",NA,3,1,2,3,2,1.2,7.333333333333333,2.666666666666667,"low",NA,NA,NA,NA,NA,NA,NA
57,"0fmo3jxsc0ccod0s","2023-11-02T17:39:23Z","save",2,5,0,1,4,3,3,3,5,3,4,1,1,4,10,19,"female",11,1,5,1,4,1,2.4,3,2.5,"low",NA,NA,NA,NA,NA,NA,NA
58,"1mjk0nkfens5ocpq","2023-11-02T17:48:14Z","del",4,0,0,4,5,0,8,0,0,2,2,2,3,3,10,61,"female",NA,6,2,3,3,2,3.4,2.666666666666667,2.166666666666667,"low",NA,NA,NA,NA,NA,NA,NA
59,"dv5opt94wvnxp4sn","2023-11-02T17:50:50Z","del",1,4,1,1,4,8,2,6,3,2,2,1,1,3,19,108,"male",NA,2,5,3,4,2,2.6,5.333333333333333,2.5,"low",NA,NA,NA,NA,NA,NA,NA
60,"g0ok03cbto0rpymm","2023-11-02T17:54:29Z","del",1,2,5,0,2,1,1,1,1,2,3,3,1,1,9,19,"female",NA,4,6,2,2,4,3.6,1,2,"low",NA,NA,NA,NA,NA,NA,NA
61,"6k3q9mr8xoyouxb6","2023-11-02T18:04:33Z","save",4,2,0,5,0,6,9,7,2,3,4,2,4,5,6,19,"männlich",9,4,1,1,3,0,1.8,7.333333333333333,2.166666666666667,"low",NA,NA,NA,NA,NA,NA,NA
62,"qty0mco75vrs939n","2023-11-02T18:08:11Z","save",0,2,3,3,0,5,4,4,3,5,1,2,5,0,12,20,"female",11,4,3,4,3,5,2,4.333333333333333,4.166666666666667,"high",NA,NA,NA,NA,NA,NA,NA
63,"x6k20rm1g7963e8l","2023-11-02T18:11:54Z","del",4,1,6,2,2,2,2,2,1,4,0,3,2,1,12,19,"female",NA,5,4,5,2,4,4.2,2,3,"high",NA,NA,NA,NA,NA,NA,NA
65,"ukykhxl4z64hj2j1","2023-11-02T18:48:15Z","del",0,5,0,5,0,8,7,7,0,0,3,3,5,4,10,55,"female",NA,1,1,2,2,1,0.4,7.333333333333333,1.666666666666667,"low",NA,NA,NA,NA,NA,NA,NA
66,"pp50gd9s9vryko14","2023-11-02T18:49:10Z","del",0,0,4,4,2,5,3,3,4,2,3,4,1,3,7,43,"female",NA,6,2,2,1,2,2.8,3.666666666666667,2,"low",NA,NA,NA,NA,NA,NA,NA
67,"gq4eh1pwzolbch2d","2023-11-02T18:54:17Z","save",0,6,0,5,0,9,10,10,1,2,2,4,2,5,9,55,"female",9,0,1,3,1,0,0.2,9.666666666666666,1.5,"low",NA,NA,NA,NA,NA,NA,NA
68,"96ekshqgsqyrc2d5","2023-11-02T19:19:07Z","del",3,4,2,2,2,3,4,2,4,3,1,1,4,1,5,18,"female",NA,2,4,4,4,4,2.6,3,3.833333333333333,"high",NA,NA,NA,NA,NA,NA,NA
70,"dnyqdfapzk2epnuy","2023-11-02T19:33:40Z","save",0,1,3,1,0,9,5,7,4,4,1,1,5,1,10,31,"female",7,5,5,4,4,4,2.6,7,4.166666666666667,"high",NA,NA,NA,NA,NA,NA,NA
71,"wzwrwrbf303v3dfg","2023-11-02T19:35:38Z","del",2,0,0,0,6,2,2,2,0,0,3,3,0,3,5,38,"male",NA,6,6,2,2,2,4,2,1,"low",NA,NA,NA,NA,NA,NA,NA
72,"d9svfc221r92xtg4","2023-11-02T19:51:07Z","del",4,3,2,4,3,7,5,7,4,4,1,2,5,1,11,58,"female",NA,3,2,4,3,4,2.8,6.333333333333333,4,"high",NA,NA,NA,NA,NA,NA,NA
73,"pfv5pclznzpsr6h7","2023-11-02T19:54:24Z","del",5,0,0,0,3,0,0,0,4,4,1,1,3,0,13,18,"female",NA,6,6,4,4,5,4,0,4,"high",NA,NA,NA,NA,NA,NA,NA
74,"od2luqpe0ydgmlrd","2023-11-02T19:55:44Z","del",3,4,1,6,0,8,9,8,5,4,4,1,4,2,13,22,"weiblich",NA,2,0,1,4,3,1.2,8.333333333333334,3.5,"high",NA,NA,NA,NA,NA,NA,NA
75,"bv192fbxf0ytpu4c","2023-11-02T20:13:04Z","save",1,5,1,4,0,8,7,8,2,4,1,0,3,1,12,30,"male",12,1,2,4,5,4,1,7.666666666666667,3.666666666666667,"high",NA,NA,NA,NA,NA,NA,NA
76,"a22vt0baawf2q66n","2023-11-02T20:25:14Z","save",3,3,2,2,0,8,9,9,0,1,4,4,2,4,12,46,"female",8,3,4,1,1,1,2.4,8.666666666666666,1,"low",NA,NA,NA,NA,NA,NA,NA
77,"dvu8qwd3s8suool0","2023-11-02T20:28:38Z","save",1,0,6,0,6,2,2,2,5,5,1,1,4,1,10,19,"female",7,6,6,4,4,4,5,2,4.333333333333333,"high",NA,NA,NA,NA,NA,NA,NA
78,"0cxz73r1efhrrw4z","2023-11-02T20:39:41Z","save",6,3,5,0,0,3,3,3,2,4,2,2,1,4,7,27,"female",11,3,6,3,3,1,4,3,2.333333333333333,"low",NA,NA,NA,NA,NA,NA,NA
79,"zyzyxx2wpp0hsyho","2023-11-02T20:49:54Z","del",6,5,0,4,0,9,8,10,2,3,3,3,2,2,12,22,"weiblich",NA,1,2,2,2,3,1.8,9,2.333333333333333,"low",NA,NA,NA,NA,NA,NA,NA
80,"dlkqbrll6085uknr","2023-11-02T21:07:56Z","save",0,6,1,2,0,8,8,8,2,2,3,4,1,4,12,55,"female",9,0,4,2,1,1,1,8,1.5,"low",NA,NA,NA,NA,NA,NA,NA
81,"8xmx2pemb06gfxr9","2023-11-02T21:52:42Z","del",6,6,6,0,3,1,1,1,0,0,3,3,1,5,10,21,"male",NA,0,6,2,2,0,4.2,1,0.833333333333333,"low",NA,NA,NA,NA,NA,NA,NA
82,"c6pndk53b0v65rb1","2023-11-02T22:02:55Z","save",5,4,5,1,3,3,3,4,5,4,1,3,2,2,13,18,"female",12,2,5,4,2,3,4,3.333333333333333,3.333333333333333,"high",NA,NA,NA,NA,NA,NA,NA
83,"3g1c6u8wtlqlq7n1","2023-11-02T22:11:15Z","save",4,2,0,0,0,1,2,2,5,5,0,0,4,0,9,18,"female",9,4,6,5,5,5,2.8,1.666666666666667,4.833333333333333,"high",NA,NA,NA,NA,NA,NA,NA
84,"xrhuhnhzjw5kdl07","2023-11-02T22:21:03Z","del",0,4,0,0,0,6,6,6,3,3,1,1,3,1,10,51,"female",NA,2,6,4,4,4,1.6,6,3.5,"high",NA,NA,NA,NA,NA,NA,NA
85,"5k7zfvqrwez9ndck","2023-11-02T22:32:03Z","del",6,1,3,4,1,5,5,4,3,4,4,4,0,3,11,40,"female",NA,5,2,1,1,2,3.4,4.666666666666667,1.833333333333333,"low",NA,NA,NA,NA,NA,NA,NA
86,"ljj2rfvty945zb6j","2023-11-02T22:36:37Z","save",1,3,4,4,4,5,5,5,3,2,3,3,3,3,9,33,"male",9,3,2,2,2,2,2.8,5,2.333333333333333,"low",NA,NA,NA,NA,NA,NA,NA
87,"gtp3ptqbey2zxqnr","2023-11-02T22:59:47Z","save",3,4,1,5,5,8,9,9,1,1,5,5,1,5,13,53,"male",11,2,1,0,0,0,2.4,8.666666666666666,0.5,"low",NA,NA,NA,NA,NA,NA,NA
88,"bxnls6aovc9nl298","2023-11-02T23:46:02Z","del",2,3,2,4,1,8,8,8,4,4,1,1,4,2,15,16,"female",NA,3,2,4,4,3,2,8,3.833333333333333,"high",NA,NA,NA,NA,NA,NA,NA
89,"2hptrd3e6j6bqrlt","2023-11-02T23:49:58Z","save",0,6,5,2,0,7,7,9,3,1,3,5,0,4,13,49,"female",9,0,4,2,0,1,1.8,7.666666666666667,1.166666666666667,"low",NA,NA,NA,NA,NA,NA,NA
90,"5oedy2l75heo3svc","2023-11-03T00:00:24Z","del",0,5,5,3,0,9,5,6,1,1,4,4,0,5,10,53,"female",NA,1,3,1,1,0,1.8,6.666666666666667,0.666666666666667,"low",NA,NA,NA,NA,NA,NA,NA
91,"0hggog9qd3yv6onj","2023-11-03T00:58:11Z","save",3,3,2,1,2,7,3,4,5,4,1,5,5,0,15,32,"female",12,3,5,4,0,5,3,4.666666666666667,3.833333333333333,"high",NA,NA,NA,NA,NA,NA,NA
92,"j2a126096gsgfubt","2023-11-03T02:06:43Z","save",2,2,2,2,2,5,4,5,2,1,4,4,1,4,10,56,"female",8,4,4,1,1,1,2.8,4.666666666666667,1.166666666666667,"low",NA,NA,NA,NA,NA,NA,NA
93,"whvef95qg97lw3qz","2023-11-03T03:13:34Z","del",2,2,0,6,3,8,4,3,3,3,3,3,3,3,10,48,"female",NA,4,0,2,2,2,1.8,5,2.5,"low",NA,NA,NA,NA,NA,NA,NA
94,"v9u77aeklqckp1v8","2023-11-03T03:16:24Z","del",0,6,0,6,0,10,10,10,2,5,5,5,2,5,10,55,"female",NA,0,0,0,0,0,0,10,1.5,"low",NA,NA,NA,NA,NA,NA,NA
95,"khh3b7s0wfryu2dp","2023-11-03T03:34:38Z","save",0,4,0,4,0,10,10,10,0,2,2,2,2,4,10,20,"female",10,2,2,3,3,1,0.8,10,1.833333333333333,"low",NA,NA,NA,NA,NA,NA,NA
96,"4kek1tmk95jk8jdg","2023-11-03T05:42:11Z","del",4,5,2,5,1,6,4,9,4,1,3,4,3,4,12,58,"männlich",NA,1,1,2,1,1,1.8,6.333333333333333,2,"low",NA,NA,NA,NA,NA,NA,NA
97,"8s2uhkrjpf980w03","2023-11-03T06:49:04Z","del",1,5,1,3,1,5,6,4,2,0,3,3,1,3,8,36,"male",NA,1,3,2,2,2,1.4,5,1.5,"low",NA,NA,NA,NA,NA,NA,NA
98,"cgy9g9u7bzv9ae7g","2023-11-03T06:49:08Z","del",0,4,1,5,0,6,0,7,1,2,3,2,3,3,9,58,"männlich",NA,2,1,2,3,2,0.8,4.333333333333333,2.166666666666667,"low",NA,NA,NA,NA,NA,NA,NA
99,"50y3oen8q4e1hlpb","2023-11-03T06:51:55Z","del",0,4,1,4,0,9,7,7,1,1,3,3,1,3,15,35,"female",NA,2,2,2,2,2,1,7.666666666666667,1.5,"low",NA,NA,NA,NA,NA,NA,NA
100,"frpaxhfzsmhgkmkz","2023-11-03T07:08:23Z","save",5,5,0,6,5,10,10,9,2,3,2,2,3,2,16,62,"female",14,1,0,3,3,3,2.2,9.666666666666666,2.833333333333333,"high",NA,NA,NA,NA,NA,NA,NA
101,"tg4hxsnzzlk4d04r","2023-11-03T07:11:12Z","del",0,6,6,0,0,7,4,4,4,4,1,1,4,0,12,48,"female",NA,0,6,4,4,5,2.4,5,4.166666666666667,"high",NA,NA,NA,NA,NA,NA,NA
102,"jmab2aeehlu9zjyf","2023-11-03T07:23:24Z","del",0,4,3,2,0,6,5,5,2,1,2,2,2,2,10,34,"female",NA,2,4,3,3,3,1.8,5.333333333333333,2.333333333333333,"low",NA,NA,NA,NA,NA,NA,NA
103,"25vvagub2x02uvkj","2023-11-03T07:25:33Z","del",0,5,0,2,3,7,6,6,1,1,2,3,1,3,15,18,"female",NA,1,4,3,2,2,1.6,6.333333333333333,1.666666666666667,"low",NA,NA,NA,NA,NA,NA,NA
104,"cmyulo6g9hztfbzy","2023-11-03T07:39:53Z","del",0,5,3,2,2,10,8,10,2,3,4,3,4,5,8,55,"female",NA,1,4,1,2,0,2,9.333333333333334,2,"low",NA,NA,NA,NA,NA,NA,NA
105,"78ev5a6c88zj0m9e","2023-11-03T07:44:55Z","save",1,2,2,1,2,6,5,5,3,3,0,0,4,2,10,38,"female",11,4,5,5,5,3,2.8,5.333333333333333,3.833333333333333,"high",NA,NA,NA,NA,NA,NA,NA
106,"61c145assyxl2h74","2023-11-03T07:45:10Z","del",4,2,1,2,3,8,6,6,4,1,1,2,4,2,15,50,"male",NA,4,4,4,3,3,3.2,6.666666666666667,3.166666666666667,"high",NA,NA,NA,NA,NA,NA,NA
107,"yojo7n6kgj0zgft0","2023-11-03T08:09:26Z","save",1,5,1,5,1,9,9,9,1,1,3,3,1,3,9,55,"female",9,1,1,2,2,2,1,9,1.5,"low",NA,NA,NA,NA,NA,NA,NA
108,"2zrdvr0bljneweqn","2023-11-03T08:23:15Z","save",0,6,0,6,0,10,10,10,1,0,4,5,0,5,5,18,"female",4,0,0,1,0,0,0,10,0.333333333333333,"low",NA,NA,NA,NA,NA,NA,NA
109,"ppmf6d59c66utd0c","2023-11-03T09:34:42Z","del",5,2,1,3,4,7,6,6,4,5,2,1,4,4,5,51,"female",NA,4,3,3,4,1,3.4,6.333333333333333,3.5,"high",NA,NA,NA,NA,NA,NA,NA
110,"txdfj82ren0nbw45","2023-11-03T09:36:03Z","save",0,6,1,3,2,6,7,8,5,3,0,1,2,0,18,52,"female",10,0,3,5,4,5,1.2,7,4,"high",NA,NA,NA,NA,NA,NA,NA
111,"2cchl93yxdxmea4z","2023-11-03T09:57:04Z","save",1,4,4,4,1,6,1,6,5,5,1,0,3,2,16,21,"weiblich",10,2,2,4,5,3,2,4.333333333333333,4.166666666666667,"high",NA,NA,NA,NA,NA,NA,NA
112,"5y0rydv6mp5d9ovh","2023-11-03T10:16:13Z","save",3,5,5,4,0,9,8,8,0,0,4,4,1,4,18,45,"female",9,1,2,1,1,1,2.2,8.333333333333334,0.666666666666667,"low",NA,NA,NA,NA,NA,NA,NA
113,"gmf4730qch2rkszp","2023-11-03T10:29:27Z","del",1,5,0,5,0,9,9,9,3,3,4,2,0,4,12,23,"weiblich",NA,1,1,1,3,1,0.6,9,1.833333333333333,"low",NA,NA,NA,NA,NA,NA,NA
114,"325cvxqsl075exx0","2023-11-03T10:51:17Z","del",0,6,3,1,1,4,5,5,5,5,0,0,5,0,7,19,"female",NA,0,5,5,5,5,1.8,4.666666666666667,5,"high",NA,NA,NA,NA,NA,NA,NA
115,"yhelab9u2lzrjfov","2023-11-03T10:54:17Z","save",0,2,3,1,3,6,4,6,5,5,0,0,0,0,17,52,"male",14,4,5,5,5,5,3,5.333333333333333,4.166666666666667,"high",NA,NA,NA,NA,NA,NA,NA
116,"yetehtq7ow87wnfj","2023-11-03T11:15:12Z","del",5,6,6,1,1,3,3,2,5,4,1,2,4,1,10,44,"female",NA,0,5,4,3,4,3.4,2.666666666666667,4,"high",NA,NA,NA,NA,NA,NA,NA
117,"fzlzfpq0fm7pykf5","2023-11-03T11:19:07Z","del",3,3,1,4,0,6,7,7,2,1,2,1,2,3,9,23,"weiblich",NA,3,2,3,4,2,1.8,6.666666666666667,2.333333333333333,"low",NA,NA,NA,NA,NA,NA,NA
118,"1nzufn6u5bmgbj35","2023-11-03T11:25:22Z","save",4,3,2,3,4,8,6,6,5,3,2,2,4,2,12,22,"weiblich",10,3,3,3,3,3,3.2,6.666666666666667,3.5,"high",NA,NA,NA,NA,NA,NA,NA
119,"gw9gko861oujuc2k","2023-11-03T11:27:40Z","del",0,3,1,3,0,5,6,7,5,5,0,0,5,0,12,30,"female",NA,3,3,5,5,5,1.4,6,5,"high",NA,NA,NA,NA,NA,NA,NA
120,"23j7uaww0d2uz3oo","2023-11-03T11:30:27Z","save",0,6,0,6,0,0,0,0,1,2,3,4,3,5,10,58,"männlich",10,0,0,2,1,0,0,0,1.5,"low",NA,NA,NA,NA,NA,NA,NA
121,"d654kt7n4m5md67h","2023-11-03T11:39:18Z","del",1,5,1,5,1,8,8,8,1,2,3,3,3,3,11,43,"female",NA,1,1,2,2,2,1,8,2,"low",NA,NA,NA,NA,NA,NA,NA
